<auditfile xmlns="http://www.auditfiles.nl/XAF/3.2">
  <header>
    <fiscalYear>2019</fiscalYear>
    <startDate>2019-01-01</startDate>
    <endDate>2020-01-01</endDate>
    <curCode>EUR</curCode>
    <dateCreated>2022-08-20</dateCreated>
    <softwareDesc>e-Boekhouden.nl</softwareDesc>
    <softwareVersion>3.0</softwareVersion>
  </header>
  <company>
    <companyIdent>133651</companyIdent>
    <companyName>Delphi Information Solutions</companyName>
    <taxRegistrationCountry>NL</taxRegistrationCountry>
    <taxRegIdent></taxRegIdent>
    <streetAddress>
      <streetname>Stavenissestraat 169</streetname>
      <city>Rotterdam</city>
      <postalCode>3086 RA</postalCode>
      <region></region>
      <country>NL</country>
    </streetAddress>
    <postalAddress>
      <streetname>Stavenissestraat 169</streetname>
      <city>Rotterdam</city>
      <postalCode>3086 RA</postalCode>
      <region></region>
      <country>NL</country>
    </postalAddress>
    <customersSuppliers>
      <customerSupplier>
        <custSupID>DE CAFE</custSupID>
        <custSupName>DE CAFE NN</custSupName>
        <contact></contact>
        <telephone></telephone>
        <fax></fax>
        <eMail></eMail>
        <website></website>
        <commerceNr></commerceNr>
        <taxRegistrationCountry>NL</taxRegistrationCountry>
        <taxRegIdent></taxRegIdent>
        <custSupTp>B</custSupTp>
        <streetAddress>
          <streetname></streetname>
          <city></city>
          <postalCode></postalCode>
          <region></region>
          <country>NL</country>
        </streetAddress>
        <postalAddress>
          <streetname></streetname>
          <city></city>
          <postalCode></postalCode>
          <region></region>
          <country>NL</country>
        </postalAddress>
      </customerSupplier>
      <customerSupplier>
        <custSupID>DEBRUGCV</custSupID>
        <custSupName>De Brug C.V. administratie-belastingadv.buro</custSupName>
        <contact></contact>
        <telephone></telephone>
        <fax></fax>
        <eMail></eMail>
        <website></website>
        <commerceNr>24259178</commerceNr>
        <taxRegistrationCountry>NL</taxRegistrationCountry>
        <taxRegIdent></taxRegIdent>
        <custSupTp>B</custSupTp>
        <streetAddress>
          <streetname>Wijde Wormer 279</streetname>
          <city>Capelle aan den IJssel</city>
          <postalCode>2905TZ</postalCode>
          <region></region>
          <country>NL</country>
        </streetAddress>
        <postalAddress>
          <streetname></streetname>
          <city></city>
          <postalCode></postalCode>
          <region></region>
          <country>NL</country>
        </postalAddress>
      </customerSupplier>
      <customerSupplier>
        <custSupID>HARVEY N</custSupID>
        <custSupName>Harvey Nash B.V.</custSupName>
        <contact></contact>
        <telephone></telephone>
        <fax></fax>
        <eMail></eMail>
        <website></website>
        <commerceNr>33296258</commerceNr>
        <taxRegistrationCountry>NL</taxRegistrationCountry>
        <taxRegIdent></taxRegIdent>
        <custSupTp>B</custSupTp>
        <streetAddress>
          <streetname>Industrieweg 4</streetname>
          <city>Maarssen</city>
          <postalCode>3606AS</postalCode>
          <region></region>
          <country>NL</country>
        </streetAddress>
        <postalAddress>
          <streetname></streetname>
          <city></city>
          <postalCode></postalCode>
          <region></region>
          <country>NL</country>
        </postalAddress>
      </customerSupplier>
      <customerSupplier>
        <custSupID>NSREIZIG</custSupID>
        <custSupName>NS Reizigers B.V.</custSupName>
        <contact></contact>
        <telephone></telephone>
        <fax></fax>
        <eMail></eMail>
        <website></website>
        <commerceNr>30124362</commerceNr>
        <taxRegistrationCountry>NL</taxRegistrationCountry>
        <taxRegIdent></taxRegIdent>
        <custSupTp>B</custSupTp>
        <streetAddress>
          <streetname>Runnenburg 20</streetname>
          <city>Bunnik</city>
          <postalCode>3981AZ</postalCode>
          <region></region>
          <country>NL</country>
        </streetAddress>
        <postalAddress>
          <streetname></streetname>
          <city></city>
          <postalCode></postalCode>
          <region></region>
          <country>NL</country>
        </postalAddress>
      </customerSupplier>
      <customerSupplier>
        <custSupID>SCOOTERC</custSupID>
        <custSupName>Scootercenter Concurrent Rotterdam</custSupName>
        <contact></contact>
        <telephone></telephone>
        <fax></fax>
        <eMail></eMail>
        <website></website>
        <commerceNr>57620598</commerceNr>
        <taxRegistrationCountry>NL</taxRegistrationCountry>
        <taxRegIdent></taxRegIdent>
        <custSupTp>B</custSupTp>
        <streetAddress>
          <streetname>Zuidplein 114A</streetname>
          <city>Rotterdam</city>
          <postalCode>3083CX</postalCode>
          <region></region>
          <country>NL</country>
        </streetAddress>
        <postalAddress>
          <streetname></streetname>
          <city></city>
          <postalCode></postalCode>
          <region></region>
          <country>NL</country>
        </postalAddress>
      </customerSupplier>
      <customerSupplier>
        <custSupID>TELE2 NE</custSupID>
        <custSupName>Tele2 Nederland B.V.</custSupName>
        <contact></contact>
        <telephone></telephone>
        <fax></fax>
        <eMail></eMail>
        <website></website>
        <commerceNr>33303418</commerceNr>
        <taxRegistrationCountry>NL</taxRegistrationCountry>
        <taxRegIdent></taxRegIdent>
        <custSupTp>B</custSupTp>
        <streetAddress>
          <streetname>Wisselwerking 58</streetname>
          <city>Diemen</city>
          <postalCode>1112XS</postalCode>
          <region></region>
          <country>NL</country>
        </streetAddress>
        <postalAddress>
          <streetname></streetname>
          <city></city>
          <postalCode></postalCode>
          <region></region>
          <country>NL</country>
        </postalAddress>
      </customerSupplier>
    </customersSuppliers>
    <generalLedger>
      <ledgerAccount>
        <accID>4340</accID>
        <accDesc>Afschr. Hardware</accDesc>
        <accTp>P</accTp>
        <leadCode>4340</leadCode>
        <leadDescription>Afschr. Hardware</leadDescription>
      </ledgerAccount>
      <ledgerAccount>
        <accID>0140</accID>
        <accDesc>Hardware</accDesc>
        <accTp>B</accTp>
        <leadCode>0140</leadCode>
        <leadDescription>Hardware</leadDescription>
      </ledgerAccount>
      <ledgerAccount>
        <accID>4550</accID>
        <accDesc>Bankkosten</accDesc>
        <accTp>P</accTp>
        <leadCode>4550</leadCode>
        <leadDescription>Bankkosten</leadDescription>
      </ledgerAccount>
      <ledgerAccount>
        <accID>9998</accID>
        <accDesc>Eindresultaat</accDesc>
        <accTp>P</accTp>
        <leadCode>9998</leadCode>
        <leadDescription>Eindresultaat</leadDescription>
      </ledgerAccount>
      <ledgerAccount>
        <accID>1000</accID>
        <accDesc>Kas</accDesc>
        <accTp>B</accTp>
        <leadCode>1000</leadCode>
        <leadDescription>Kas</leadDescription>
      </ledgerAccount>
      <ledgerAccount>
        <accID>1010</accID>
        <accDesc>Bank</accDesc>
        <accTp>B</accTp>
        <leadCode>1010</leadCode>
        <leadDescription>Bank</leadDescription>
      </ledgerAccount>
      <ledgerAccount>
        <accID>1300</accID>
        <accDesc>Debiteuren</accDesc>
        <accTp>B</accTp>
        <leadCode>1300</leadCode>
        <leadDescription>Debiteuren</leadDescription>
      </ledgerAccount>
      <ledgerAccount>
        <accID>1650</accID>
        <accDesc>BTW R/C</accDesc>
        <accTp>B</accTp>
        <leadCode>1650</leadCode>
        <leadDescription>BTW R/C</leadDescription>
      </ledgerAccount>
      <ledgerAccount>
        <accID>1631</accID>
        <accDesc>BTW af te dragen Laag</accDesc>
        <accTp>B</accTp>
        <leadCode>1631</leadCode>
        <leadDescription>BTW af te dragen Laag</leadDescription>
      </ledgerAccount>
      <ledgerAccount>
        <accID>1630</accID>
        <accDesc>BTW Af te dragen Hoog</accDesc>
        <accTp>B</accTp>
        <leadCode>1630</leadCode>
        <leadDescription>BTW Af te dragen Hoog</leadDescription>
      </ledgerAccount>
      <ledgerAccount>
        <accID>1632</accID>
        <accDesc>BTW af te dragen overig</accDesc>
        <accTp>B</accTp>
        <leadCode>1632</leadCode>
        <leadDescription>BTW af te dragen overig</leadDescription>
      </ledgerAccount>
      <ledgerAccount>
        <accID>1600</accID>
        <accDesc>Voorbelasting</accDesc>
        <accTp>B</accTp>
        <leadCode>1600</leadCode>
        <leadDescription>Voorbelasting</leadDescription>
      </ledgerAccount>
      <ledgerAccount>
        <accID>1700</accID>
        <accDesc>Crediteuren</accDesc>
        <accTp>B</accTp>
        <leadCode>1700</leadCode>
        <leadDescription>Crediteuren</leadDescription>
      </ledgerAccount>
      <ledgerAccount>
        <accID>1410</accID>
        <accDesc>Privé-opnamen en stortingen</accDesc>
        <accTp>B</accTp>
        <leadCode>1410</leadCode>
        <leadDescription>Privé-opnamen en stortingen</leadDescription>
      </ledgerAccount>
      <ledgerAccount>
        <accID>7000</accID>
        <accDesc>Inkopen</accDesc>
        <accTp>P</accTp>
        <leadCode>7000</leadCode>
        <leadDescription>Inkopen</leadDescription>
      </ledgerAccount>
      <ledgerAccount>
        <accID>8000</accID>
        <accDesc>Omzet Business Analyse</accDesc>
        <accTp>P</accTp>
        <leadCode>8000</leadCode>
        <leadDescription>Omzet Business Analyse</leadDescription>
      </ledgerAccount>
      <ledgerAccount>
        <accID>8010</accID>
        <accDesc>Omzet groep 2</accDesc>
        <accTp>P</accTp>
        <leadCode>8010</leadCode>
        <leadDescription>Omzet groep 2</leadDescription>
      </ledgerAccount>
      <ledgerAccount>
        <accID>4900</accID>
        <accDesc>Betalingsverschillen</accDesc>
        <accTp>P</accTp>
        <leadCode>4900</leadCode>
        <leadDescription>Betalingsverschillen</leadDescription>
      </ledgerAccount>
      <ledgerAccount>
        <accID>4950</accID>
        <accDesc>Oninbare vorderingen</accDesc>
        <accTp>P</accTp>
        <leadCode>4950</leadCode>
        <leadDescription>Oninbare vorderingen</leadDescription>
      </ledgerAccount>
      <ledgerAccount>
        <accID>9999</accID>
        <accDesc>Verrekeningen</accDesc>
        <accTp>B</accTp>
        <leadCode>9999</leadCode>
        <leadDescription>Verrekeningen</leadDescription>
      </ledgerAccount>
      <ledgerAccount>
        <accID>0130</accID>
        <accDesc>Inventarissen</accDesc>
        <accTp>B</accTp>
        <leadCode>0130</leadCode>
        <leadDescription>Inventarissen</leadDescription>
      </ledgerAccount>
      <ledgerAccount>
        <accID>0740</accID>
        <accDesc>Langlopende leningen</accDesc>
        <accTp>B</accTp>
        <leadCode>0740</leadCode>
        <leadDescription>Langlopende leningen</leadDescription>
      </ledgerAccount>
      <ledgerAccount>
        <accID>2000</accID>
        <accDesc>Kruisposten</accDesc>
        <accTp>B</accTp>
        <leadCode>2000</leadCode>
        <leadDescription>Kruisposten</leadDescription>
      </ledgerAccount>
      <ledgerAccount>
        <accID>1400</accID>
        <accDesc>Beginkapitaal</accDesc>
        <accTp>B</accTp>
        <leadCode>1400</leadCode>
        <leadDescription>Beginkapitaal</leadDescription>
      </ledgerAccount>
      <ledgerAccount>
        <accID>1500</accID>
        <accDesc>Vorderingen (kortlopend)</accDesc>
        <accTp>B</accTp>
        <leadCode>1500</leadCode>
        <leadDescription>Vorderingen (kortlopend)</leadDescription>
      </ledgerAccount>
      <ledgerAccount>
        <accID>1800</accID>
        <accDesc>Schulden (kortlopend)</accDesc>
        <accTp>B</accTp>
        <leadCode>1800</leadCode>
        <leadDescription>Schulden (kortlopend)</leadDescription>
      </ledgerAccount>
      <ledgerAccount>
        <accID>4335</accID>
        <accDesc>Afschr. Inventarissen</accDesc>
        <accTp>P</accTp>
        <leadCode>4335</leadCode>
        <leadDescription>Afschr. Inventarissen</leadDescription>
      </ledgerAccount>
      <ledgerAccount>
        <accID>4500</accID>
        <accDesc>Contributies en abonnementen</accDesc>
        <accTp>P</accTp>
        <leadCode>4500</leadCode>
        <leadDescription>Contributies en abonnementen</leadDescription>
      </ledgerAccount>
      <ledgerAccount>
        <accID>4510</accID>
        <accDesc>Reclame en advertenties</accDesc>
        <accTp>P</accTp>
        <leadCode>4510</leadCode>
        <leadDescription>Reclame en advertenties</leadDescription>
      </ledgerAccount>
      <ledgerAccount>
        <accID>4520</accID>
        <accDesc>Representatie en verteer</accDesc>
        <accTp>P</accTp>
        <leadCode>4520</leadCode>
        <leadDescription>Representatie en verteer</leadDescription>
      </ledgerAccount>
      <ledgerAccount>
        <accID>4530</accID>
        <accDesc>Reis- en verblijfkosten</accDesc>
        <accTp>P</accTp>
        <leadCode>4530</leadCode>
        <leadDescription>Reis- en verblijfkosten</leadDescription>
      </ledgerAccount>
      <ledgerAccount>
        <accID>4540</accID>
        <accDesc>Relatiegeschenken</accDesc>
        <accTp>P</accTp>
        <leadCode>4540</leadCode>
        <leadDescription>Relatiegeschenken</leadDescription>
      </ledgerAccount>
      <ledgerAccount>
        <accID>4590</accID>
        <accDesc>Overige verkoopkosten</accDesc>
        <accTp>P</accTp>
        <leadCode>4590</leadCode>
        <leadDescription>Overige verkoopkosten</leadDescription>
      </ledgerAccount>
      <ledgerAccount>
        <accID>4600</accID>
        <accDesc>Kilometervergoeding</accDesc>
        <accTp>P</accTp>
        <leadCode>4600</leadCode>
        <leadDescription>Kilometervergoeding</leadDescription>
      </ledgerAccount>
      <ledgerAccount>
        <accID>4700</accID>
        <accDesc>Kantoorbenodigdheden</accDesc>
        <accTp>P</accTp>
        <leadCode>4700</leadCode>
        <leadDescription>Kantoorbenodigdheden</leadDescription>
      </ledgerAccount>
      <ledgerAccount>
        <accID>4740</accID>
        <accDesc>Drukwerk, porti en vrachten</accDesc>
        <accTp>P</accTp>
        <leadCode>4740</leadCode>
        <leadDescription>Drukwerk, porti en vrachten</leadDescription>
      </ledgerAccount>
      <ledgerAccount>
        <accID>4750</accID>
        <accDesc>Mobiele telefonie</accDesc>
        <accTp>P</accTp>
        <leadCode>4750</leadCode>
        <leadDescription>Mobiele telefonie</leadDescription>
      </ledgerAccount>
      <ledgerAccount>
        <accID>4790</accID>
        <accDesc>Overige kantoorkosten</accDesc>
        <accTp>P</accTp>
        <leadCode>4790</leadCode>
        <leadDescription>Overige kantoorkosten</leadDescription>
      </ledgerAccount>
      <ledgerAccount>
        <accID>4810</accID>
        <accDesc>Accountants- en administratiekosten</accDesc>
        <accTp>P</accTp>
        <leadCode>4810</leadCode>
        <leadDescription>Accountants- en administratiekosten</leadDescription>
      </ledgerAccount>
      <ledgerAccount>
        <accID>4850</accID>
        <accDesc>Cursussen/seminars</accDesc>
        <accTp>P</accTp>
        <leadCode>4850</leadCode>
        <leadDescription>Cursussen/seminars</leadDescription>
      </ledgerAccount>
      <ledgerAccount>
        <accID>4860</accID>
        <accDesc>Vakliteratuur</accDesc>
        <accTp>P</accTp>
        <leadCode>4860</leadCode>
        <leadDescription>Vakliteratuur</leadDescription>
      </ledgerAccount>
      <ledgerAccount>
        <accID>4820</accID>
        <accDesc>verzekeringen</accDesc>
        <accTp>P</accTp>
        <leadCode>4820</leadCode>
        <leadDescription>verzekeringen</leadDescription>
      </ledgerAccount>
      <ledgerAccount>
        <accID>4560</accID>
        <accDesc>Software</accDesc>
        <accTp>P</accTp>
        <leadCode>4560</leadCode>
        <leadDescription>Software</leadDescription>
      </ledgerAccount>
      <ledgerAccount>
        <accID>8410</accID>
        <accDesc>Rentebaten (ontvangen creditrente)</accDesc>
        <accTp>P</accTp>
        <leadCode>8410</leadCode>
        <leadDescription>Rentebaten (ontvangen creditrente)</leadDescription>
      </ledgerAccount>
      <ledgerAccount>
        <accID>4630</accID>
        <accDesc>Rentekosten (betaalde debetrente)</accDesc>
        <accTp>P</accTp>
        <leadCode>4630</leadCode>
        <leadDescription>Rentekosten (betaalde debetrente)</leadDescription>
      </ledgerAccount>
      <ledgerAccount>
        <accID>4570</accID>
        <accDesc>Kosten scooter en auto</accDesc>
        <accTp>P</accTp>
        <leadCode>4570</leadCode>
        <leadDescription>Kosten scooter en auto</leadDescription>
      </ledgerAccount>
      <ledgerAccount>
        <accID>4580</accID>
        <accDesc>Parkeren</accDesc>
        <accTp>P</accTp>
        <leadCode>4580</leadCode>
        <leadDescription>Parkeren</leadDescription>
      </ledgerAccount>
      <ledgerAccount>
        <accID>4610</accID>
        <accDesc>Kosten auto</accDesc>
        <accTp>P</accTp>
        <leadCode>4610</leadCode>
        <leadDescription>Kosten auto</leadDescription>
      </ledgerAccount>
      <ledgerAccount>
        <accID>0150</accID>
        <accDesc>Bedrijfsauto</accDesc>
        <accTp>B</accTp>
        <leadCode>0150</leadCode>
        <leadDescription>Bedrijfsauto</leadDescription>
      </ledgerAccount>
      <ledgerAccount>
        <accID>4345</accID>
        <accDesc>Afschr. bedrijfsauto</accDesc>
        <accTp>P</accTp>
        <leadCode>4345</leadCode>
        <leadDescription>Afschr. bedrijfsauto</leadDescription>
      </ledgerAccount>
    </generalLedger>
    <vatCodes>
      <vatCode>
        <vatID>LAAG_VERK</vatID>
        <vatDesc>Btw laag 6%</vatDesc>
        <vatToPayAccID></vatToPayAccID>
        <vatToClaimAccID></vatToClaimAccID>
      </vatCode>
      <vatCode>
        <vatID>LAAG_VERK_9</vatID>
        <vatDesc>Btw laag 9%</vatDesc>
        <vatToPayAccID></vatToPayAccID>
        <vatToClaimAccID></vatToClaimAccID>
      </vatCode>
      <vatCode>
        <vatID>LAAG_INK</vatID>
        <vatDesc>Btw laag 6%</vatDesc>
        <vatToPayAccID></vatToPayAccID>
        <vatToClaimAccID></vatToClaimAccID>
      </vatCode>
      <vatCode>
        <vatID>HOOG_VERK_21</vatID>
        <vatDesc>Btw hoog 21%</vatDesc>
        <vatToPayAccID></vatToPayAccID>
        <vatToClaimAccID></vatToClaimAccID>
      </vatCode>
      <vatCode>
        <vatID>LAAG_INK_9</vatID>
        <vatDesc>Btw laag 9%</vatDesc>
        <vatToPayAccID></vatToPayAccID>
        <vatToClaimAccID></vatToClaimAccID>
      </vatCode>
      <vatCode>
        <vatID>AFW_VERK</vatID>
        <vatDesc>Afwijkend</vatDesc>
        <vatToPayAccID></vatToPayAccID>
        <vatToClaimAccID></vatToClaimAccID>
      </vatCode>
      <vatCode>
        <vatID>HOOG_INK_21</vatID>
        <vatDesc>Btw hoog 21%</vatDesc>
        <vatToPayAccID></vatToPayAccID>
        <vatToClaimAccID></vatToClaimAccID>
      </vatCode>
      <vatCode>
        <vatID>AFW</vatID>
        <vatDesc>Afwijkend</vatDesc>
        <vatToPayAccID></vatToPayAccID>
        <vatToClaimAccID></vatToClaimAccID>
      </vatCode>
      <vatCode>
        <vatID>VERL_VERK_L9</vatID>
        <vatDesc>Btw verlegd 9%</vatDesc>
        <vatToPayAccID></vatToPayAccID>
        <vatToClaimAccID></vatToClaimAccID>
      </vatCode>
      <vatCode>
        <vatID>VERL_VERK</vatID>
        <vatDesc>Btw verlegd 21%</vatDesc>
        <vatToPayAccID></vatToPayAccID>
        <vatToClaimAccID></vatToClaimAccID>
      </vatCode>
      <vatCode>
        <vatID>VERL_INK_L</vatID>
        <vatDesc>Btw verlegd 6%</vatDesc>
        <vatToPayAccID></vatToPayAccID>
        <vatToClaimAccID></vatToClaimAccID>
      </vatCode>
      <vatCode>
        <vatID>VERL_INK_L9</vatID>
        <vatDesc>Btw verlegd 9%</vatDesc>
        <vatToPayAccID></vatToPayAccID>
        <vatToClaimAccID></vatToClaimAccID>
      </vatCode>
      <vatCode>
        <vatID>VERL_INK</vatID>
        <vatDesc>Btw verlegd 21%</vatDesc>
        <vatToPayAccID></vatToPayAccID>
        <vatToClaimAccID></vatToClaimAccID>
      </vatCode>
      <vatCode>
        <vatID>BU_EU_VERK</vatID>
        <vatDesc>Levering naar buiten de EU 0%</vatDesc>
        <vatToPayAccID></vatToPayAccID>
        <vatToClaimAccID></vatToClaimAccID>
      </vatCode>
      <vatCode>
        <vatID>BI_EU_VERK</vatID>
        <vatDesc>Goederen naar binnen de EU 0%</vatDesc>
        <vatToPayAccID></vatToPayAccID>
        <vatToClaimAccID></vatToClaimAccID>
      </vatCode>
      <vatCode>
        <vatID>BI_EU_VERK_D</vatID>
        <vatDesc>Diensten naar binnen de EU 0%</vatDesc>
        <vatToPayAccID></vatToPayAccID>
        <vatToClaimAccID></vatToClaimAccID>
      </vatCode>
      <vatCode>
        <vatID>AFST_VERK</vatID>
        <vatDesc>Afstandsverkopen binnen EU 0%</vatDesc>
        <vatToPayAccID></vatToPayAccID>
        <vatToClaimAccID></vatToClaimAccID>
      </vatCode>
      <vatCode>
        <vatID>BU_EU_INK</vatID>
        <vatDesc>Leveringen/diensten van buiten EU 0%</vatDesc>
        <vatToPayAccID></vatToPayAccID>
        <vatToClaimAccID></vatToClaimAccID>
      </vatCode>
      <vatCode>
        <vatID>BI_EU_INK</vatID>
        <vatDesc>Leveringen/diensten van binnen EU 0%</vatDesc>
        <vatToPayAccID></vatToPayAccID>
        <vatToClaimAccID></vatToClaimAccID>
      </vatCode>
      <vatCode>
        <vatID>GEEN</vatID>
        <vatDesc>Geen btw</vatDesc>
        <vatToPayAccID></vatToPayAccID>
        <vatToClaimAccID></vatToClaimAccID>
      </vatCode>
    </vatCodes>
    <periods>
      <period>
        <periodNumber>1</periodNumber>
        <periodDesc>2019 - 1</periodDesc>
        <startDatePeriod>2019-01-01</startDatePeriod>
        <endDatePeriod>2019-12-31</endDatePeriod>
      </period>
      <period>
        <periodNumber>2</periodNumber>
        <periodDesc>2019 - 2</periodDesc>
        <startDatePeriod>2019-02-01</startDatePeriod>
        <endDatePeriod>2020-01-31</endDatePeriod>
      </period>
      <period>
        <periodNumber>3</periodNumber>
        <periodDesc>2019 - 3</periodDesc>
        <startDatePeriod>2019-03-01</startDatePeriod>
        <endDatePeriod>2020-02-29</endDatePeriod>
      </period>
      <period>
        <periodNumber>4</periodNumber>
        <periodDesc>2019 - 4</periodDesc>
        <startDatePeriod>2019-04-01</startDatePeriod>
        <endDatePeriod>2020-03-31</endDatePeriod>
      </period>
      <period>
        <periodNumber>5</periodNumber>
        <periodDesc>2019 - 5</periodDesc>
        <startDatePeriod>2019-05-01</startDatePeriod>
        <endDatePeriod>2020-04-30</endDatePeriod>
      </period>
      <period>
        <periodNumber>6</periodNumber>
        <periodDesc>2019 - 6</periodDesc>
        <startDatePeriod>2019-06-01</startDatePeriod>
        <endDatePeriod>2020-05-31</endDatePeriod>
      </period>
      <period>
        <periodNumber>7</periodNumber>
        <periodDesc>2019 - 7</periodDesc>
        <startDatePeriod>2019-07-01</startDatePeriod>
        <endDatePeriod>2020-06-30</endDatePeriod>
      </period>
      <period>
        <periodNumber>8</periodNumber>
        <periodDesc>2019 - 8</periodDesc>
        <startDatePeriod>2019-08-01</startDatePeriod>
        <endDatePeriod>2020-07-31</endDatePeriod>
      </period>
      <period>
        <periodNumber>9</periodNumber>
        <periodDesc>2019 - 9</periodDesc>
        <startDatePeriod>2019-09-01</startDatePeriod>
        <endDatePeriod>2020-08-31</endDatePeriod>
      </period>
      <period>
        <periodNumber>10</periodNumber>
        <periodDesc>2019 - 10</periodDesc>
        <startDatePeriod>2019-10-01</startDatePeriod>
        <endDatePeriod>2020-09-30</endDatePeriod>
      </period>
      <period>
        <periodNumber>11</periodNumber>
        <periodDesc>2019 - 11</periodDesc>
        <startDatePeriod>2019-11-01</startDatePeriod>
        <endDatePeriod>2020-10-31</endDatePeriod>
      </period>
      <period>
        <periodNumber>12</periodNumber>
        <periodDesc>2019 - 12</periodDesc>
        <startDatePeriod>2019-12-01</startDatePeriod>
        <endDatePeriod>2020-11-30</endDatePeriod>
      </period>
    </periods>
    <openingBalance>
      <opBalDate>2019-01-01</opBalDate>
      <linesCount>8</linesCount>
      <totalDebit>169154.95</totalDebit>
      <totalCredit>169154.95</totalCredit>
      <obLine>
        <nr>415</nr>
        <accID>0140</accID>
        <amnt>622.56</amnt>
        <amntTp>D</amntTp>
      </obLine>
      <obLine>
        <nr>416</nr>
        <accID>1010</accID>
        <amnt>155311.05</amnt>
        <amntTp>D</amntTp>
      </obLine>
      <obLine>
        <nr>417</nr>
        <accID>1300</accID>
        <amnt>13164.8</amnt>
        <amntTp>D</amntTp>
      </obLine>
      <obLine>
        <nr>418</nr>
        <accID>1650</accID>
        <amnt>0</amnt>
        <amntTp>C</amntTp>
      </obLine>
      <obLine>
        <nr>419</nr>
        <accID>1630</accID>
        <amnt>0.15</amnt>
        <amntTp>D</amntTp>
      </obLine>
      <obLine>
        <nr>420</nr>
        <accID>1600</accID>
        <amnt>56.39</amnt>
        <amntTp>D</amntTp>
      </obLine>
      <obLine>
        <nr>421</nr>
        <accID>1700</accID>
        <amnt>302.5</amnt>
        <amntTp>C</amntTp>
      </obLine>
      <obLine>
        <nr>422</nr>
        <accID>1410</accID>
        <amnt>168852.45</amnt>
        <amntTp>C</amntTp>
      </obLine>
    </openingBalance>
    <transactions>
      <linesCount>5</linesCount>
      <totalDebit>686571.44</totalDebit>
      <totalCredit>686571.44</totalCredit>
      <journal>
        <jrnID>1300</jrnID>
        <desc>Debiteuren</desc>
        <jrnTp>Z</jrnTp>
        <transaction>
          <nr>197</nr>
          <desc>Tele2. factuur 19-01</desc>
          <periodNumber>1</periodNumber>
          <trDt>2019-01-14</trDt>
          <sourceID></sourceID>
          <userID></userID>
          <trLine>
            <nr>197.1.1</nr>
            <accID>1300</accID>
            <docRef>246864246.20</docRef>
            <effDate>2019-01-14</effDate>
            <desc>Tele2. factuur 19-01</desc>
            <amnt>10841.6</amnt>
            <amntTp>D</amntTp>
            <custSupID>HARVEY N</custSupID>
            <costID></costID>
            <prodID></prodID>
            <projID></projID>
            <vat>
              <vatID></vatID>
              <vatPerc>0</vatPerc>
              <vatAmnt>0</vatAmnt>
              <vatAmntTp>D</vatAmntTp>
            </vat>
          </trLine>
          <trLine>
            <nr>197.2.2</nr>
            <accID>1630</accID>
            <docRef>246864246.20</docRef>
            <effDate>2019-01-14</effDate>
            <desc>Tele2. factuur 19-01</desc>
            <amnt>1881.6</amnt>
            <amntTp>C</amntTp>
            <custSupID>HARVEY N</custSupID>
            <costID></costID>
            <prodID></prodID>
            <projID></projID>
            <vat>
              <vatID></vatID>
              <vatPerc>0</vatPerc>
              <vatAmnt>0</vatAmnt>
              <vatAmntTp>C</vatAmntTp>
            </vat>
          </trLine>
          <trLine>
            <nr>197.3.3</nr>
            <accID>8000</accID>
            <docRef>246864246.20</docRef>
            <effDate>2019-01-14</effDate>
            <desc>Tele2. factuur 19-01</desc>
            <amnt>8960</amnt>
            <amntTp>C</amntTp>
            <custSupID>HARVEY N</custSupID>
            <costID></costID>
            <prodID></prodID>
            <projID></projID>
            <vat>
              <vatID>HOOG_VERK_21</vatID>
              <vatPerc>21</vatPerc>
              <vatAmnt>1881.60</vatAmnt>
              <vatAmntTp>C</vatAmntTp>
            </vat>
          </trLine>
        </transaction>
        <transaction>
          <nr>198</nr>
          <desc>Tele2. Factuur 1902</desc>
          <periodNumber>2</periodNumber>
          <trDt>2019-02-13</trDt>
          <sourceID></sourceID>
          <userID></userID>
          <trLine>
            <nr>198.1.4</nr>
            <accID>1300</accID>
            <docRef>246864246.21</docRef>
            <effDate>2019-02-13</effDate>
            <desc>Tele2. Factuur 1902</desc>
            <amnt>1742.4</amnt>
            <amntTp>D</amntTp>
            <custSupID>HARVEY N</custSupID>
            <costID></costID>
            <prodID></prodID>
            <projID></projID>
            <vat>
              <vatID></vatID>
              <vatPerc>0</vatPerc>
              <vatAmnt>0</vatAmnt>
              <vatAmntTp>D</vatAmntTp>
            </vat>
          </trLine>
          <trLine>
            <nr>198.2.5</nr>
            <accID>1630</accID>
            <docRef>246864246.21</docRef>
            <effDate>2019-02-13</effDate>
            <desc>Tele2. Factuur 1902</desc>
            <amnt>302.4</amnt>
            <amntTp>C</amntTp>
            <custSupID>HARVEY N</custSupID>
            <costID></costID>
            <prodID></prodID>
            <projID></projID>
            <vat>
              <vatID></vatID>
              <vatPerc>0</vatPerc>
              <vatAmnt>0</vatAmnt>
              <vatAmntTp>C</vatAmntTp>
            </vat>
          </trLine>
          <trLine>
            <nr>198.3.6</nr>
            <accID>8000</accID>
            <docRef>246864246.21</docRef>
            <effDate>2019-02-13</effDate>
            <desc>Tele2. Factuur 1902</desc>
            <amnt>1440</amnt>
            <amntTp>C</amntTp>
            <custSupID>HARVEY N</custSupID>
            <costID></costID>
            <prodID></prodID>
            <projID></projID>
            <vat>
              <vatID>HOOG_VERK_21</vatID>
              <vatPerc>21</vatPerc>
              <vatAmnt>302.40</vatAmnt>
              <vatAmntTp>C</vatAmntTp>
            </vat>
          </trLine>
        </transaction>
        <transaction>
          <nr>199</nr>
          <desc>Tele2. Factuur 1903</desc>
          <periodNumber>2</periodNumber>
          <trDt>2019-02-13</trDt>
          <sourceID></sourceID>
          <userID></userID>
          <trLine>
            <nr>199.1.7</nr>
            <accID>1300</accID>
            <docRef>246864246.22</docRef>
            <effDate>2019-02-13</effDate>
            <desc>Tele2. Factuur 1903</desc>
            <amnt>9099.2</amnt>
            <amntTp>D</amntTp>
            <custSupID>HARVEY N</custSupID>
            <costID></costID>
            <prodID></prodID>
            <projID></projID>
            <vat>
              <vatID></vatID>
              <vatPerc>0</vatPerc>
              <vatAmnt>0</vatAmnt>
              <vatAmntTp>D</vatAmntTp>
            </vat>
          </trLine>
          <trLine>
            <nr>199.2.8</nr>
            <accID>1630</accID>
            <docRef>246864246.22</docRef>
            <effDate>2019-02-13</effDate>
            <desc>Tele2. Factuur 1903</desc>
            <amnt>1579.2</amnt>
            <amntTp>C</amntTp>
            <custSupID>HARVEY N</custSupID>
            <costID></costID>
            <prodID></prodID>
            <projID></projID>
            <vat>
              <vatID></vatID>
              <vatPerc>0</vatPerc>
              <vatAmnt>0</vatAmnt>
              <vatAmntTp>C</vatAmntTp>
            </vat>
          </trLine>
          <trLine>
            <nr>199.3.9</nr>
            <accID>8000</accID>
            <docRef>246864246.22</docRef>
            <effDate>2019-02-13</effDate>
            <desc>Tele2. Factuur 1903</desc>
            <amnt>7520</amnt>
            <amntTp>C</amntTp>
            <custSupID>HARVEY N</custSupID>
            <costID></costID>
            <prodID></prodID>
            <projID></projID>
            <vat>
              <vatID>HOOG_VERK_21</vatID>
              <vatPerc>21</vatPerc>
              <vatAmnt>1579.20</vatAmnt>
              <vatAmntTp>C</vatAmntTp>
            </vat>
          </trLine>
        </transaction>
        <transaction>
          <nr>200</nr>
          <desc>Tele2. Factuur 1904</desc>
          <periodNumber>3</periodNumber>
          <trDt>2019-03-13</trDt>
          <sourceID></sourceID>
          <userID></userID>
          <trLine>
            <nr>200.1.10</nr>
            <accID>1300</accID>
            <docRef>246864246.23</docRef>
            <effDate>2019-03-13</effDate>
            <desc>Tele2. Factuur 1904</desc>
            <amnt>17230.4</amnt>
            <amntTp>D</amntTp>
            <custSupID>HARVEY N</custSupID>
            <costID></costID>
            <prodID></prodID>
            <projID></projID>
            <vat>
              <vatID></vatID>
              <vatPerc>0</vatPerc>
              <vatAmnt>0</vatAmnt>
              <vatAmntTp>D</vatAmntTp>
            </vat>
          </trLine>
          <trLine>
            <nr>200.2.11</nr>
            <accID>1630</accID>
            <docRef>246864246.23</docRef>
            <effDate>2019-03-13</effDate>
            <desc>Tele2. Factuur 1904</desc>
            <amnt>2990.4</amnt>
            <amntTp>C</amntTp>
            <custSupID>HARVEY N</custSupID>
            <costID></costID>
            <prodID></prodID>
            <projID></projID>
            <vat>
              <vatID></vatID>
              <vatPerc>0</vatPerc>
              <vatAmnt>0</vatAmnt>
              <vatAmntTp>C</vatAmntTp>
            </vat>
          </trLine>
          <trLine>
            <nr>200.3.12</nr>
            <accID>8000</accID>
            <docRef>246864246.23</docRef>
            <effDate>2019-03-13</effDate>
            <desc>Tele2. Factuur 1904</desc>
            <amnt>14240</amnt>
            <amntTp>C</amntTp>
            <custSupID>HARVEY N</custSupID>
            <costID></costID>
            <prodID></prodID>
            <projID></projID>
            <vat>
              <vatID>HOOG_VERK_21</vatID>
              <vatPerc>21</vatPerc>
              <vatAmnt>2990.40</vatAmnt>
              <vatAmntTp>C</vatAmntTp>
            </vat>
          </trLine>
        </transaction>
        <transaction>
          <nr>201</nr>
          <desc>Tele2. Factuur 1905.</desc>
          <periodNumber>4</periodNumber>
          <trDt>2019-04-10</trDt>
          <sourceID></sourceID>
          <userID></userID>
          <trLine>
            <nr>201.1.13</nr>
            <accID>1300</accID>
            <docRef>246864246.24</docRef>
            <effDate>2019-04-10</effDate>
            <desc>Tele2. Factuur 1905.</desc>
            <amnt>9292.8</amnt>
            <amntTp>D</amntTp>
            <custSupID>HARVEY N</custSupID>
            <costID></costID>
            <prodID></prodID>
            <projID></projID>
            <vat>
              <vatID></vatID>
              <vatPerc>0</vatPerc>
              <vatAmnt>0</vatAmnt>
              <vatAmntTp>D</vatAmntTp>
            </vat>
          </trLine>
          <trLine>
            <nr>201.2.14</nr>
            <accID>1630</accID>
            <docRef>246864246.24</docRef>
            <effDate>2019-04-10</effDate>
            <desc>Tele2. Factuur 1905.</desc>
            <amnt>1612.8</amnt>
            <amntTp>C</amntTp>
            <custSupID>HARVEY N</custSupID>
            <costID></costID>
            <prodID></prodID>
            <projID></projID>
            <vat>
              <vatID></vatID>
              <vatPerc>0</vatPerc>
              <vatAmnt>0</vatAmnt>
              <vatAmntTp>C</vatAmntTp>
            </vat>
          </trLine>
          <trLine>
            <nr>201.3.15</nr>
            <accID>8000</accID>
            <docRef>246864246.24</docRef>
            <effDate>2019-04-10</effDate>
            <desc>Tele2. Factuur 1905.</desc>
            <amnt>7680</amnt>
            <amntTp>C</amntTp>
            <custSupID>HARVEY N</custSupID>
            <costID></costID>
            <prodID></prodID>
            <projID></projID>
            <vat>
              <vatID>HOOG_VERK_21</vatID>
              <vatPerc>21</vatPerc>
              <vatAmnt>1612.80</vatAmnt>
              <vatAmntTp>C</vatAmntTp>
            </vat>
          </trLine>
        </transaction>
        <transaction>
          <nr>247</nr>
          <desc>1906. Tele2</desc>
          <periodNumber>5</periodNumber>
          <trDt>2019-05-15</trDt>
          <sourceID></sourceID>
          <userID></userID>
          <trLine>
            <nr>247.1.16</nr>
            <accID>1300</accID>
            <docRef>246864246.25</docRef>
            <effDate>2019-05-15</effDate>
            <desc>1906. Tele2</desc>
            <amnt>3872</amnt>
            <amntTp>D</amntTp>
            <custSupID>HARVEY N</custSupID>
            <costID></costID>
            <prodID></prodID>
            <projID></projID>
            <vat>
              <vatID></vatID>
              <vatPerc>0</vatPerc>
              <vatAmnt>0</vatAmnt>
              <vatAmntTp>D</vatAmntTp>
            </vat>
          </trLine>
          <trLine>
            <nr>247.2.17</nr>
            <accID>1630</accID>
            <docRef>246864246.25</docRef>
            <effDate>2019-05-15</effDate>
            <desc>1906. Tele2</desc>
            <amnt>672</amnt>
            <amntTp>C</amntTp>
            <custSupID>HARVEY N</custSupID>
            <costID></costID>
            <prodID></prodID>
            <projID></projID>
            <vat>
              <vatID></vatID>
              <vatPerc>0</vatPerc>
              <vatAmnt>0</vatAmnt>
              <vatAmntTp>C</vatAmntTp>
            </vat>
          </trLine>
          <trLine>
            <nr>247.3.18</nr>
            <accID>8000</accID>
            <docRef>246864246.25</docRef>
            <effDate>2019-05-15</effDate>
            <desc>1906. Tele2</desc>
            <amnt>3200</amnt>
            <amntTp>C</amntTp>
            <custSupID>HARVEY N</custSupID>
            <costID></costID>
            <prodID></prodID>
            <projID></projID>
            <vat>
              <vatID>HOOG_VERK_21</vatID>
              <vatPerc>21</vatPerc>
              <vatAmnt>672.00</vatAmnt>
              <vatAmntTp>C</vatAmntTp>
            </vat>
          </trLine>
        </transaction>
        <transaction>
          <nr>248</nr>
          <desc>1907. Tele2</desc>
          <periodNumber>5</periodNumber>
          <trDt>2019-05-15</trDt>
          <sourceID></sourceID>
          <userID></userID>
          <trLine>
            <nr>248.1.19</nr>
            <accID>1300</accID>
            <docRef>246864246.26</docRef>
            <effDate>2019-05-15</effDate>
            <desc>1907. Tele2</desc>
            <amnt>13552</amnt>
            <amntTp>D</amntTp>
            <custSupID>HARVEY N</custSupID>
            <costID></costID>
            <prodID></prodID>
            <projID></projID>
            <vat>
              <vatID></vatID>
              <vatPerc>0</vatPerc>
              <vatAmnt>0</vatAmnt>
              <vatAmntTp>D</vatAmntTp>
            </vat>
          </trLine>
          <trLine>
            <nr>248.2.20</nr>
            <accID>1630</accID>
            <docRef>246864246.26</docRef>
            <effDate>2019-05-15</effDate>
            <desc>1907. Tele2</desc>
            <amnt>2352</amnt>
            <amntTp>C</amntTp>
            <custSupID>HARVEY N</custSupID>
            <costID></costID>
            <prodID></prodID>
            <projID></projID>
            <vat>
              <vatID></vatID>
              <vatPerc>0</vatPerc>
              <vatAmnt>0</vatAmnt>
              <vatAmntTp>C</vatAmntTp>
            </vat>
          </trLine>
          <trLine>
            <nr>248.3.21</nr>
            <accID>8000</accID>
            <docRef>246864246.26</docRef>
            <effDate>2019-05-15</effDate>
            <desc>1907. Tele2</desc>
            <amnt>11200</amnt>
            <amntTp>C</amntTp>
            <custSupID>HARVEY N</custSupID>
            <costID></costID>
            <prodID></prodID>
            <projID></projID>
            <vat>
              <vatID>HOOG_VERK_21</vatID>
              <vatPerc>21</vatPerc>
              <vatAmnt>2352.00</vatAmnt>
              <vatAmntTp>C</vatAmntTp>
            </vat>
          </trLine>
        </transaction>
        <transaction>
          <nr>251</nr>
          <desc>Harvey Nash voor Tele2. 1908.</desc>
          <periodNumber>6</periodNumber>
          <trDt>2019-06-12</trDt>
          <sourceID></sourceID>
          <userID></userID>
          <trLine>
            <nr>251.1.22</nr>
            <accID>1300</accID>
            <docRef>246864246.27</docRef>
            <effDate>2019-06-12</effDate>
            <desc>Harvey Nash voor Tele2. 1908.</desc>
            <amnt>6969.6</amnt>
            <amntTp>D</amntTp>
            <custSupID>HARVEY N</custSupID>
            <costID></costID>
            <prodID></prodID>
            <projID></projID>
            <vat>
              <vatID></vatID>
              <vatPerc>0</vatPerc>
              <vatAmnt>0</vatAmnt>
              <vatAmntTp>D</vatAmntTp>
            </vat>
          </trLine>
          <trLine>
            <nr>251.2.23</nr>
            <accID>1630</accID>
            <docRef>246864246.27</docRef>
            <effDate>2019-06-12</effDate>
            <desc>Harvey Nash voor Tele2. 1908.</desc>
            <amnt>1209.6</amnt>
            <amntTp>C</amntTp>
            <custSupID>HARVEY N</custSupID>
            <costID></costID>
            <prodID></prodID>
            <projID></projID>
            <vat>
              <vatID></vatID>
              <vatPerc>0</vatPerc>
              <vatAmnt>0</vatAmnt>
              <vatAmntTp>C</vatAmntTp>
            </vat>
          </trLine>
          <trLine>
            <nr>251.3.24</nr>
            <accID>8000</accID>
            <docRef>246864246.27</docRef>
            <effDate>2019-06-12</effDate>
            <desc>Harvey Nash voor Tele2. 1908.</desc>
            <amnt>5760</amnt>
            <amntTp>C</amntTp>
            <custSupID>HARVEY N</custSupID>
            <costID></costID>
            <prodID></prodID>
            <projID></projID>
            <vat>
              <vatID>HOOG_VERK_21</vatID>
              <vatPerc>21</vatPerc>
              <vatAmnt>1209.60</vatAmnt>
              <vatAmntTp>C</vatAmntTp>
            </vat>
          </trLine>
        </transaction>
        <transaction>
          <nr>252</nr>
          <desc>Tele2. 1909</desc>
          <periodNumber>7</periodNumber>
          <trDt>2019-07-10</trDt>
          <sourceID></sourceID>
          <userID></userID>
          <trLine>
            <nr>252.1.25</nr>
            <accID>1300</accID>
            <docRef>246864246.28</docRef>
            <effDate>2019-07-10</effDate>
            <desc>Tele2. 1909</desc>
            <amnt>21683.2</amnt>
            <amntTp>D</amntTp>
            <custSupID>HARVEY N</custSupID>
            <costID></costID>
            <prodID></prodID>
            <projID></projID>
            <vat>
              <vatID></vatID>
              <vatPerc>0</vatPerc>
              <vatAmnt>0</vatAmnt>
              <vatAmntTp>D</vatAmntTp>
            </vat>
          </trLine>
          <trLine>
            <nr>252.2.26</nr>
            <accID>1630</accID>
            <docRef>246864246.28</docRef>
            <effDate>2019-07-10</effDate>
            <desc>Tele2. 1909</desc>
            <amnt>3763.2</amnt>
            <amntTp>C</amntTp>
            <custSupID>HARVEY N</custSupID>
            <costID></costID>
            <prodID></prodID>
            <projID></projID>
            <vat>
              <vatID></vatID>
              <vatPerc>0</vatPerc>
              <vatAmnt>0</vatAmnt>
              <vatAmntTp>C</vatAmntTp>
            </vat>
          </trLine>
          <trLine>
            <nr>252.3.27</nr>
            <accID>8000</accID>
            <docRef>246864246.28</docRef>
            <effDate>2019-07-10</effDate>
            <desc>Tele2. 1909</desc>
            <amnt>17920</amnt>
            <amntTp>C</amntTp>
            <custSupID>HARVEY N</custSupID>
            <costID></costID>
            <prodID></prodID>
            <projID></projID>
            <vat>
              <vatID>HOOG_VERK_21</vatID>
              <vatPerc>21</vatPerc>
              <vatAmnt>3763.20</vatAmnt>
              <vatAmntTp>C</vatAmntTp>
            </vat>
          </trLine>
        </transaction>
        <transaction>
          <nr>292</nr>
          <desc>Tele2. 246864246.29. 1910</desc>
          <periodNumber>8</periodNumber>
          <trDt>2019-08-14</trDt>
          <sourceID></sourceID>
          <userID></userID>
          <trLine>
            <nr>292.1.28</nr>
            <accID>1300</accID>
            <docRef>246864246.29</docRef>
            <effDate>2019-08-14</effDate>
            <desc>Tele2. 246864246.29. 1910</desc>
            <amnt>14713.6</amnt>
            <amntTp>D</amntTp>
            <custSupID>HARVEY N</custSupID>
            <costID></costID>
            <prodID></prodID>
            <projID></projID>
            <vat>
              <vatID></vatID>
              <vatPerc>0</vatPerc>
              <vatAmnt>0</vatAmnt>
              <vatAmntTp>D</vatAmntTp>
            </vat>
          </trLine>
          <trLine>
            <nr>292.2.29</nr>
            <accID>1630</accID>
            <docRef>246864246.29</docRef>
            <effDate>2019-08-14</effDate>
            <desc>Tele2. 246864246.29. 1910</desc>
            <amnt>2553.6</amnt>
            <amntTp>C</amntTp>
            <custSupID>HARVEY N</custSupID>
            <costID></costID>
            <prodID></prodID>
            <projID></projID>
            <vat>
              <vatID></vatID>
              <vatPerc>0</vatPerc>
              <vatAmnt>0</vatAmnt>
              <vatAmntTp>C</vatAmntTp>
            </vat>
          </trLine>
          <trLine>
            <nr>292.3.30</nr>
            <accID>8000</accID>
            <docRef>246864246.29</docRef>
            <effDate>2019-08-14</effDate>
            <desc>Tele2. 246864246.29. 1910</desc>
            <amnt>12160</amnt>
            <amntTp>C</amntTp>
            <custSupID>HARVEY N</custSupID>
            <costID></costID>
            <prodID></prodID>
            <projID></projID>
            <vat>
              <vatID>HOOG_VERK_21</vatID>
              <vatPerc>21</vatPerc>
              <vatAmnt>2553.60</vatAmnt>
              <vatAmntTp>C</vatAmntTp>
            </vat>
          </trLine>
        </transaction>
        <transaction>
          <nr>293</nr>
          <desc>Tele2. 1911</desc>
          <periodNumber>10</periodNumber>
          <trDt>2019-10-09</trDt>
          <sourceID></sourceID>
          <userID></userID>
          <trLine>
            <nr>293.1.31</nr>
            <accID>1300</accID>
            <docRef>246864246.30</docRef>
            <effDate>2019-10-09</effDate>
            <desc>Tele2. 1911</desc>
            <amnt>18585.6</amnt>
            <amntTp>D</amntTp>
            <custSupID>HARVEY N</custSupID>
            <costID></costID>
            <prodID></prodID>
            <projID></projID>
            <vat>
              <vatID></vatID>
              <vatPerc>0</vatPerc>
              <vatAmnt>0</vatAmnt>
              <vatAmntTp>D</vatAmntTp>
            </vat>
          </trLine>
          <trLine>
            <nr>293.2.32</nr>
            <accID>1630</accID>
            <docRef>246864246.30</docRef>
            <effDate>2019-10-09</effDate>
            <desc>Tele2. 1911</desc>
            <amnt>3225.6</amnt>
            <amntTp>C</amntTp>
            <custSupID>HARVEY N</custSupID>
            <costID></costID>
            <prodID></prodID>
            <projID></projID>
            <vat>
              <vatID></vatID>
              <vatPerc>0</vatPerc>
              <vatAmnt>0</vatAmnt>
              <vatAmntTp>C</vatAmntTp>
            </vat>
          </trLine>
          <trLine>
            <nr>293.3.33</nr>
            <accID>8000</accID>
            <docRef>246864246.30</docRef>
            <effDate>2019-10-09</effDate>
            <desc>Tele2. 1911</desc>
            <amnt>15360</amnt>
            <amntTp>C</amntTp>
            <custSupID>HARVEY N</custSupID>
            <costID></costID>
            <prodID></prodID>
            <projID></projID>
            <vat>
              <vatID>HOOG_VERK_21</vatID>
              <vatPerc>21</vatPerc>
              <vatAmnt>3225.60</vatAmnt>
              <vatAmntTp>C</vatAmntTp>
            </vat>
          </trLine>
        </transaction>
        <transaction>
          <nr>337</nr>
          <desc>19-12. Harvey Nash Tele2</desc>
          <periodNumber>11</periodNumber>
          <trDt>2019-11-13</trDt>
          <sourceID></sourceID>
          <userID></userID>
          <trLine>
            <nr>337.1.34</nr>
            <accID>1300</accID>
            <docRef>246864246.31</docRef>
            <effDate>2019-11-13</effDate>
            <desc>19-12. Harvey Nash Tele2</desc>
            <amnt>11616</amnt>
            <amntTp>D</amntTp>
            <custSupID>HARVEY N</custSupID>
            <costID></costID>
            <prodID></prodID>
            <projID></projID>
            <vat>
              <vatID></vatID>
              <vatPerc>0</vatPerc>
              <vatAmnt>0</vatAmnt>
              <vatAmntTp>D</vatAmntTp>
            </vat>
          </trLine>
          <trLine>
            <nr>337.2.35</nr>
            <accID>1630</accID>
            <docRef>246864246.31</docRef>
            <effDate>2019-11-13</effDate>
            <desc>19-12. Harvey Nash Tele2</desc>
            <amnt>2016</amnt>
            <amntTp>C</amntTp>
            <custSupID>HARVEY N</custSupID>
            <costID></costID>
            <prodID></prodID>
            <projID></projID>
            <vat>
              <vatID></vatID>
              <vatPerc>0</vatPerc>
              <vatAmnt>0</vatAmnt>
              <vatAmntTp>C</vatAmntTp>
            </vat>
          </trLine>
          <trLine>
            <nr>337.3.36</nr>
            <accID>8000</accID>
            <docRef>246864246.31</docRef>
            <effDate>2019-11-13</effDate>
            <desc>19-12. Harvey Nash Tele2</desc>
            <amnt>9600</amnt>
            <amntTp>C</amntTp>
            <custSupID>HARVEY N</custSupID>
            <costID></costID>
            <prodID></prodID>
            <projID></projID>
            <vat>
              <vatID>HOOG_VERK_21</vatID>
              <vatPerc>21</vatPerc>
              <vatAmnt>2016.00</vatAmnt>
              <vatAmntTp>C</vatAmntTp>
            </vat>
          </trLine>
        </transaction>
        <transaction>
          <nr>338</nr>
          <desc>19-12. Harvey Nash Tele 2</desc>
          <periodNumber>11</periodNumber>
          <trDt>2019-11-13</trDt>
          <sourceID></sourceID>
          <userID></userID>
          <trLine>
            <nr>338.1.37</nr>
            <accID>1300</accID>
            <docRef>246864246.32</docRef>
            <effDate>2019-11-13</effDate>
            <desc>19-12. Harvey Nash Tele 2</desc>
            <amnt>18779.2</amnt>
            <amntTp>D</amntTp>
            <custSupID>HARVEY N</custSupID>
            <costID></costID>
            <prodID></prodID>
            <projID></projID>
            <vat>
              <vatID></vatID>
              <vatPerc>0</vatPerc>
              <vatAmnt>0</vatAmnt>
              <vatAmntTp>D</vatAmntTp>
            </vat>
          </trLine>
          <trLine>
            <nr>338.2.38</nr>
            <accID>1630</accID>
            <docRef>246864246.32</docRef>
            <effDate>2019-11-13</effDate>
            <desc>19-12. Harvey Nash Tele 2</desc>
            <amnt>3259.2</amnt>
            <amntTp>C</amntTp>
            <custSupID>HARVEY N</custSupID>
            <costID></costID>
            <prodID></prodID>
            <projID></projID>
            <vat>
              <vatID></vatID>
              <vatPerc>0</vatPerc>
              <vatAmnt>0</vatAmnt>
              <vatAmntTp>C</vatAmntTp>
            </vat>
          </trLine>
          <trLine>
            <nr>338.3.39</nr>
            <accID>8000</accID>
            <docRef>246864246.32</docRef>
            <effDate>2019-11-13</effDate>
            <desc>19-12. Harvey Nash Tele 2</desc>
            <amnt>15520</amnt>
            <amntTp>C</amntTp>
            <custSupID>HARVEY N</custSupID>
            <costID></costID>
            <prodID></prodID>
            <projID></projID>
            <vat>
              <vatID>HOOG_VERK_21</vatID>
              <vatPerc>21</vatPerc>
              <vatAmnt>3259.20</vatAmnt>
              <vatAmntTp>C</vatAmntTp>
            </vat>
          </trLine>
        </transaction>
        <transaction>
          <nr>346</nr>
          <desc>Tele2. 1914</desc>
          <periodNumber>12</periodNumber>
          <trDt>2019-12-11</trDt>
          <sourceID></sourceID>
          <userID></userID>
          <trLine>
            <nr>346.1.40</nr>
            <accID>1300</accID>
            <docRef>246864246.33</docRef>
            <effDate>2019-12-11</effDate>
            <desc>Tele2. 1914</desc>
            <amnt>15488</amnt>
            <amntTp>D</amntTp>
            <custSupID>HARVEY N</custSupID>
            <costID></costID>
            <prodID></prodID>
            <projID></projID>
            <vat>
              <vatID></vatID>
              <vatPerc>0</vatPerc>
              <vatAmnt>0</vatAmnt>
              <vatAmntTp>D</vatAmntTp>
            </vat>
          </trLine>
          <trLine>
            <nr>346.2.41</nr>
            <accID>1630</accID>
            <docRef>246864246.33</docRef>
            <effDate>2019-12-11</effDate>
            <desc>Tele2. 1914</desc>
            <amnt>2688</amnt>
            <amntTp>C</amntTp>
            <custSupID>HARVEY N</custSupID>
            <costID></costID>
            <prodID></prodID>
            <projID></projID>
            <vat>
              <vatID></vatID>
              <vatPerc>0</vatPerc>
              <vatAmnt>0</vatAmnt>
              <vatAmntTp>C</vatAmntTp>
            </vat>
          </trLine>
          <trLine>
            <nr>346.3.42</nr>
            <accID>8000</accID>
            <docRef>246864246.33</docRef>
            <effDate>2019-12-11</effDate>
            <desc>Tele2. 1914</desc>
            <amnt>12800</amnt>
            <amntTp>C</amntTp>
            <custSupID>HARVEY N</custSupID>
            <costID></costID>
            <prodID></prodID>
            <projID></projID>
            <vat>
              <vatID>HOOG_VERK_21</vatID>
              <vatPerc>21</vatPerc>
              <vatAmnt>2688.00</vatAmnt>
              <vatAmntTp>C</vatAmntTp>
            </vat>
          </trLine>
        </transaction>
      </journal>
      <journal>
        <jrnID>1700</jrnID>
        <desc>Crediteuren</desc>
        <jrnTp>Z</jrnTp>
        <transaction>
          <nr>228</nr>
          <desc>01-2019. Perc zakelijk: 90%. Totaal factuur: 16 euro.</desc>
          <periodNumber>1</periodNumber>
          <trDt>2019-01-15</trDt>
          <sourceID></sourceID>
          <userID></userID>
          <trLine>
            <nr>228.1.43</nr>
            <accID>1700</accID>
            <docRef>NL1900641972</docRef>
            <effDate>2019-01-15</effDate>
            <desc>01-2019. Perc zakelijk: 90%. Totaal factuur: 16 euro.</desc>
            <amnt>14.4</amnt>
            <amntTp>C</amntTp>
            <custSupID>TELE2 NE</custSupID>
            <costID></costID>
            <prodID></prodID>
            <projID></projID>
            <vat>
              <vatID></vatID>
              <vatPerc>0</vatPerc>
              <vatAmnt>0</vatAmnt>
              <vatAmntTp>C</vatAmntTp>
            </vat>
          </trLine>
          <trLine>
            <nr>228.2.44</nr>
            <accID>1600</accID>
            <docRef>NL1900641972</docRef>
            <effDate>2019-01-15</effDate>
            <desc>01-2019. Perc zakelijk: 90%. Totaal factuur: 16 euro.</desc>
            <amnt>2.5</amnt>
            <amntTp>D</amntTp>
            <custSupID>TELE2 NE</custSupID>
            <costID></costID>
            <prodID></prodID>
            <projID></projID>
            <vat>
              <vatID></vatID>
              <vatPerc>0</vatPerc>
              <vatAmnt>0</vatAmnt>
              <vatAmntTp>D</vatAmntTp>
            </vat>
          </trLine>
          <trLine>
            <nr>228.3.45</nr>
            <accID>4750</accID>
            <docRef>NL1900641972</docRef>
            <effDate>2019-01-15</effDate>
            <desc>01-2019. Perc zakelijk: 90%. Totaal factuur: 16 euro.</desc>
            <amnt>11.9</amnt>
            <amntTp>D</amntTp>
            <custSupID>TELE2 NE</custSupID>
            <costID></costID>
            <prodID></prodID>
            <projID></projID>
            <vat>
              <vatID>HOOG_INK_21</vatID>
              <vatPerc>21</vatPerc>
              <vatAmnt>2.50</vatAmnt>
              <vatAmntTp>D</vatAmntTp>
            </vat>
          </trLine>
        </transaction>
        <transaction>
          <nr>229</nr>
          <desc>02-2019. Perc zakelijk: 85%. Totaal factuur: 20.96 euro.</desc>
          <periodNumber>2</periodNumber>
          <trDt>2019-02-14</trDt>
          <sourceID></sourceID>
          <userID></userID>
          <trLine>
            <nr>229.1.46</nr>
            <accID>1700</accID>
            <docRef>NL1902133422</docRef>
            <effDate>2019-02-14</effDate>
            <desc>02-2019. Perc zakelijk: 85%. Totaal factuur: 20.96 euro.</desc>
            <amnt>17.82</amnt>
            <amntTp>C</amntTp>
            <custSupID>TELE2 NE</custSupID>
            <costID></costID>
            <prodID></prodID>
            <projID></projID>
            <vat>
              <vatID></vatID>
              <vatPerc>0</vatPerc>
              <vatAmnt>0</vatAmnt>
              <vatAmntTp>C</vatAmntTp>
            </vat>
          </trLine>
          <trLine>
            <nr>229.2.47</nr>
            <accID>1600</accID>
            <docRef>NL1902133422</docRef>
            <effDate>2019-02-14</effDate>
            <desc>02-2019. Perc zakelijk: 85%. Totaal factuur: 20.96 euro.</desc>
            <amnt>3.09</amnt>
            <amntTp>D</amntTp>
            <custSupID>TELE2 NE</custSupID>
            <costID></costID>
            <prodID></prodID>
            <projID></projID>
            <vat>
              <vatID></vatID>
              <vatPerc>0</vatPerc>
              <vatAmnt>0</vatAmnt>
              <vatAmntTp>D</vatAmntTp>
            </vat>
          </trLine>
          <trLine>
            <nr>229.3.48</nr>
            <accID>4750</accID>
            <docRef>NL1902133422</docRef>
            <effDate>2019-02-14</effDate>
            <desc>02-2019. Perc zakelijk: 85%. Totaal factuur: 20.96 euro.</desc>
            <amnt>14.73</amnt>
            <amntTp>D</amntTp>
            <custSupID>TELE2 NE</custSupID>
            <costID></costID>
            <prodID></prodID>
            <projID></projID>
            <vat>
              <vatID>HOOG_INK_21</vatID>
              <vatPerc>21</vatPerc>
              <vatAmnt>3.09</vatAmnt>
              <vatAmntTp>D</vatAmntTp>
            </vat>
          </trLine>
        </transaction>
        <transaction>
          <nr>230</nr>
          <desc>03-2019. Perc zakelijk: 90%. Totaal factuur: 16 euro.</desc>
          <periodNumber>3</periodNumber>
          <trDt>2019-03-14</trDt>
          <sourceID></sourceID>
          <userID></userID>
          <trLine>
            <nr>230.1.49</nr>
            <accID>1700</accID>
            <docRef>NL1903629526</docRef>
            <effDate>2019-03-14</effDate>
            <desc>03-2019. Perc zakelijk: 90%. Totaal factuur: 16 euro.</desc>
            <amnt>14.4</amnt>
            <amntTp>C</amntTp>
            <custSupID>TELE2 NE</custSupID>
            <costID></costID>
            <prodID></prodID>
            <projID></projID>
            <vat>
              <vatID></vatID>
              <vatPerc>0</vatPerc>
              <vatAmnt>0</vatAmnt>
              <vatAmntTp>C</vatAmntTp>
            </vat>
          </trLine>
          <trLine>
            <nr>230.2.50</nr>
            <accID>1600</accID>
            <docRef>NL1903629526</docRef>
            <effDate>2019-03-14</effDate>
            <desc>03-2019. Perc zakelijk: 90%. Totaal factuur: 16 euro.</desc>
            <amnt>2.5</amnt>
            <amntTp>D</amntTp>
            <custSupID>TELE2 NE</custSupID>
            <costID></costID>
            <prodID></prodID>
            <projID></projID>
            <vat>
              <vatID></vatID>
              <vatPerc>0</vatPerc>
              <vatAmnt>0</vatAmnt>
              <vatAmntTp>D</vatAmntTp>
            </vat>
          </trLine>
          <trLine>
            <nr>230.3.51</nr>
            <accID>4750</accID>
            <docRef>NL1903629526</docRef>
            <effDate>2019-03-14</effDate>
            <desc>03-2019. Perc zakelijk: 90%. Totaal factuur: 16 euro.</desc>
            <amnt>11.9</amnt>
            <amntTp>D</amntTp>
            <custSupID>TELE2 NE</custSupID>
            <costID></costID>
            <prodID></prodID>
            <projID></projID>
            <vat>
              <vatID>HOOG_INK_21</vatID>
              <vatPerc>21</vatPerc>
              <vatAmnt>2.50</vatAmnt>
              <vatAmntTp>D</vatAmntTp>
            </vat>
          </trLine>
        </transaction>
        <transaction>
          <nr>231</nr>
          <desc>04-2019. Perc zakelijk: 95%. Totaal factuur: 16 euro.</desc>
          <periodNumber>4</periodNumber>
          <trDt>2019-04-17</trDt>
          <sourceID></sourceID>
          <userID></userID>
          <trLine>
            <nr>231.1.52</nr>
            <accID>1700</accID>
            <docRef>NL1906215403</docRef>
            <effDate>2019-04-17</effDate>
            <desc>04-2019. Perc zakelijk: 95%. Totaal factuur: 16 euro.</desc>
            <amnt>15.2</amnt>
            <amntTp>C</amntTp>
            <custSupID>TELE2 NE</custSupID>
            <costID></costID>
            <prodID></prodID>
            <projID></projID>
            <vat>
              <vatID></vatID>
              <vatPerc>0</vatPerc>
              <vatAmnt>0</vatAmnt>
              <vatAmntTp>C</vatAmntTp>
            </vat>
          </trLine>
          <trLine>
            <nr>231.2.53</nr>
            <accID>1600</accID>
            <docRef>NL1906215403</docRef>
            <effDate>2019-04-17</effDate>
            <desc>04-2019. Perc zakelijk: 95%. Totaal factuur: 16 euro.</desc>
            <amnt>2.64</amnt>
            <amntTp>D</amntTp>
            <custSupID>TELE2 NE</custSupID>
            <costID></costID>
            <prodID></prodID>
            <projID></projID>
            <vat>
              <vatID></vatID>
              <vatPerc>0</vatPerc>
              <vatAmnt>0</vatAmnt>
              <vatAmntTp>D</vatAmntTp>
            </vat>
          </trLine>
          <trLine>
            <nr>231.3.54</nr>
            <accID>4750</accID>
            <docRef>NL1906215403</docRef>
            <effDate>2019-04-17</effDate>
            <desc>04-2019. Perc zakelijk: 95%. Totaal factuur: 16 euro.</desc>
            <amnt>12.56</amnt>
            <amntTp>D</amntTp>
            <custSupID>TELE2 NE</custSupID>
            <costID></costID>
            <prodID></prodID>
            <projID></projID>
            <vat>
              <vatID>HOOG_INK_21</vatID>
              <vatPerc>21</vatPerc>
              <vatAmnt>2.64</vatAmnt>
              <vatAmntTp>D</vatAmntTp>
            </vat>
          </trLine>
        </transaction>
        <transaction>
          <nr>240</nr>
          <desc>Verteer tijdens werkzaamheden in zzp-werkplek.</desc>
          <periodNumber>5</periodNumber>
          <trDt>2019-05-07</trDt>
          <sourceID></sourceID>
          <userID></userID>
          <trLine>
            <nr>240.1.55</nr>
            <accID>1700</accID>
            <docRef>DE-20190507-01</docRef>
            <effDate>2019-05-07</effDate>
            <desc>Verteer tijdens werkzaamheden in zzp-werkplek.</desc>
            <amnt>5</amnt>
            <amntTp>C</amntTp>
            <custSupID>DE CAFE</custSupID>
            <costID></costID>
            <prodID></prodID>
            <projID></projID>
            <vat>
              <vatID></vatID>
              <vatPerc>0</vatPerc>
              <vatAmnt>0</vatAmnt>
              <vatAmntTp>C</vatAmntTp>
            </vat>
          </trLine>
          <trLine>
            <nr>240.2.56</nr>
            <accID>1600</accID>
            <docRef>DE-20190507-01</docRef>
            <effDate>2019-05-07</effDate>
            <desc>Verteer tijdens werkzaamheden in zzp-werkplek.</desc>
            <amnt>0.41</amnt>
            <amntTp>D</amntTp>
            <custSupID>DE CAFE</custSupID>
            <costID></costID>
            <prodID></prodID>
            <projID></projID>
            <vat>
              <vatID></vatID>
              <vatPerc>0</vatPerc>
              <vatAmnt>0</vatAmnt>
              <vatAmntTp>D</vatAmntTp>
            </vat>
          </trLine>
          <trLine>
            <nr>240.3.57</nr>
            <accID>4520</accID>
            <docRef>DE-20190507-01</docRef>
            <effDate>2019-05-07</effDate>
            <desc>Verteer tijdens werkzaamheden in zzp-werkplek.</desc>
            <amnt>4.59</amnt>
            <amntTp>D</amntTp>
            <custSupID>DE CAFE</custSupID>
            <costID></costID>
            <prodID></prodID>
            <projID></projID>
            <vat>
              <vatID>LAAG_INK_9</vatID>
              <vatPerc>9</vatPerc>
              <vatAmnt>0.41</vatAmnt>
              <vatAmntTp>D</vatAmntTp>
            </vat>
          </trLine>
        </transaction>
        <transaction>
          <nr>256</nr>
          <desc>mobiel 05 2019. Totaal 16.10 euro. Perc zakelijk: 90%. Zakelijk: 14.49 euro</desc>
          <periodNumber>5</periodNumber>
          <trDt>2019-05-15</trDt>
          <sourceID></sourceID>
          <userID></userID>
          <trLine>
            <nr>256.1.58</nr>
            <accID>1700</accID>
            <docRef>NL1907717861</docRef>
            <effDate>2019-05-15</effDate>
            <desc>mobiel 05 2019. Totaal 16.10 euro. Perc zakelijk: 90%. Zakelijk: 14.49 euro</desc>
            <amnt>14.49</amnt>
            <amntTp>C</amntTp>
            <custSupID>TELE2 NE</custSupID>
            <costID></costID>
            <prodID></prodID>
            <projID></projID>
            <vat>
              <vatID></vatID>
              <vatPerc>0</vatPerc>
              <vatAmnt>0</vatAmnt>
              <vatAmntTp>C</vatAmntTp>
            </vat>
          </trLine>
          <trLine>
            <nr>256.2.59</nr>
            <accID>1600</accID>
            <docRef>NL1907717861</docRef>
            <effDate>2019-05-15</effDate>
            <desc>mobiel 05 2019. Totaal 16.10 euro. Perc zakelijk: 90%. Zakelijk: 14.49 euro</desc>
            <amnt>2.51</amnt>
            <amntTp>D</amntTp>
            <custSupID>TELE2 NE</custSupID>
            <costID></costID>
            <prodID></prodID>
            <projID></projID>
            <vat>
              <vatID></vatID>
              <vatPerc>0</vatPerc>
              <vatAmnt>0</vatAmnt>
              <vatAmntTp>D</vatAmntTp>
            </vat>
          </trLine>
          <trLine>
            <nr>256.3.60</nr>
            <accID>4750</accID>
            <docRef>NL1907717861</docRef>
            <effDate>2019-05-15</effDate>
            <desc>mobiel 05 2019. Totaal 16.10 euro. Perc zakelijk: 90%. Zakelijk: 14.49 euro</desc>
            <amnt>11.98</amnt>
            <amntTp>D</amntTp>
            <custSupID>TELE2 NE</custSupID>
            <costID></costID>
            <prodID></prodID>
            <projID></projID>
            <vat>
              <vatID>HOOG_INK_21</vatID>
              <vatPerc>21</vatPerc>
              <vatAmnt>2.51</vatAmnt>
              <vatAmntTp>D</vatAmntTp>
            </vat>
          </trLine>
        </transaction>
        <transaction>
          <nr>257</nr>
          <desc>Tele2 mobiel. 06-2019. Totaal 16 euro, waarvan 98% zakelijk. Inboeken: 15.68</desc>
          <periodNumber>6</periodNumber>
          <trDt>2019-06-14</trDt>
          <sourceID></sourceID>
          <userID></userID>
          <trLine>
            <nr>257.1.61</nr>
            <accID>1700</accID>
            <docRef>NL1909224250</docRef>
            <effDate>2019-06-14</effDate>
            <desc>Tele2 mobiel. 06-2019. Totaal 16 euro, waarvan 98% zakelijk. Inboeken: 15.68</desc>
            <amnt>15.68</amnt>
            <amntTp>C</amntTp>
            <custSupID>TELE2 NE</custSupID>
            <costID></costID>
            <prodID></prodID>
            <projID></projID>
            <vat>
              <vatID></vatID>
              <vatPerc>0</vatPerc>
              <vatAmnt>0</vatAmnt>
              <vatAmntTp>C</vatAmntTp>
            </vat>
          </trLine>
          <trLine>
            <nr>257.2.62</nr>
            <accID>1600</accID>
            <docRef>NL1909224250</docRef>
            <effDate>2019-06-14</effDate>
            <desc>Tele2 mobiel. 06-2019. Totaal 16 euro, waarvan 98% zakelijk. Inboeken: 15.68</desc>
            <amnt>2.72</amnt>
            <amntTp>D</amntTp>
            <custSupID>TELE2 NE</custSupID>
            <costID></costID>
            <prodID></prodID>
            <projID></projID>
            <vat>
              <vatID></vatID>
              <vatPerc>0</vatPerc>
              <vatAmnt>0</vatAmnt>
              <vatAmntTp>D</vatAmntTp>
            </vat>
          </trLine>
          <trLine>
            <nr>257.3.63</nr>
            <accID>4750</accID>
            <docRef>NL1909224250</docRef>
            <effDate>2019-06-14</effDate>
            <desc>Tele2 mobiel. 06-2019. Totaal 16 euro, waarvan 98% zakelijk. Inboeken: 15.68</desc>
            <amnt>12.96</amnt>
            <amntTp>D</amntTp>
            <custSupID>TELE2 NE</custSupID>
            <costID></costID>
            <prodID></prodID>
            <projID></projID>
            <vat>
              <vatID>HOOG_INK_21</vatID>
              <vatPerc>21</vatPerc>
              <vatAmnt>2.72</vatAmnt>
              <vatAmntTp>D</vatAmntTp>
            </vat>
          </trLine>
        </transaction>
        <transaction>
          <nr>260</nr>
          <desc>bedrijfsscooter</desc>
          <periodNumber>5</periodNumber>
          <trDt>2019-05-31</trDt>
          <sourceID></sourceID>
          <userID></userID>
          <trLine>
            <nr>260.1.64</nr>
            <accID>1700</accID>
            <docRef>2022473</docRef>
            <effDate>2019-05-31</effDate>
            <desc>bedrijfsscooter</desc>
            <amnt>2100</amnt>
            <amntTp>C</amntTp>
            <custSupID>SCOOTERC</custSupID>
            <costID></costID>
            <prodID></prodID>
            <projID></projID>
            <vat>
              <vatID></vatID>
              <vatPerc>0</vatPerc>
              <vatAmnt>0</vatAmnt>
              <vatAmntTp>C</vatAmntTp>
            </vat>
          </trLine>
          <trLine>
            <nr>260.2.65</nr>
            <accID>1600</accID>
            <docRef>2022473</docRef>
            <effDate>2019-05-31</effDate>
            <desc>bedrijfsscooter</desc>
            <amnt>364.46</amnt>
            <amntTp>D</amntTp>
            <custSupID>SCOOTERC</custSupID>
            <costID></costID>
            <prodID></prodID>
            <projID></projID>
            <vat>
              <vatID></vatID>
              <vatPerc>0</vatPerc>
              <vatAmnt>0</vatAmnt>
              <vatAmntTp>D</vatAmntTp>
            </vat>
          </trLine>
          <trLine>
            <nr>260.3.66</nr>
            <accID>0130</accID>
            <docRef>2022473</docRef>
            <effDate>2019-05-31</effDate>
            <desc>bedrijfsscooter</desc>
            <amnt>1735.54</amnt>
            <amntTp>D</amntTp>
            <custSupID>SCOOTERC</custSupID>
            <costID></costID>
            <prodID></prodID>
            <projID></projID>
            <vat>
              <vatID>HOOG_INK_21</vatID>
              <vatPerc>21</vatPerc>
              <vatAmnt>364.46</vatAmnt>
              <vatAmntTp>D</vatAmntTp>
            </vat>
          </trLine>
        </transaction>
        <transaction>
          <nr>285</nr>
          <desc>Kosten openbaar vervoer januari t/m juni 2019</desc>
          <periodNumber>6</periodNumber>
          <trDt>2019-06-30</trDt>
          <sourceID></sourceID>
          <userID></userID>
          <trLine>
            <nr>285.1.67</nr>
            <accID>1700</accID>
            <docRef>123</docRef>
            <effDate>2019-06-30</effDate>
            <desc>Kosten openbaar vervoer januari t/m juni 2019</desc>
            <amnt>98.2</amnt>
            <amntTp>C</amntTp>
            <custSupID>NSREIZIG</custSupID>
            <costID></costID>
            <prodID></prodID>
            <projID></projID>
            <vat>
              <vatID></vatID>
              <vatPerc>0</vatPerc>
              <vatAmnt>0</vatAmnt>
              <vatAmntTp>C</vatAmntTp>
            </vat>
          </trLine>
          <trLine>
            <nr>285.2.68</nr>
            <accID>1600</accID>
            <docRef>123</docRef>
            <effDate>2019-06-30</effDate>
            <desc>Kosten openbaar vervoer januari t/m juni 2019</desc>
            <amnt>8.11</amnt>
            <amntTp>D</amntTp>
            <custSupID>NSREIZIG</custSupID>
            <costID></costID>
            <prodID></prodID>
            <projID></projID>
            <vat>
              <vatID></vatID>
              <vatPerc>0</vatPerc>
              <vatAmnt>0</vatAmnt>
              <vatAmntTp>D</vatAmntTp>
            </vat>
          </trLine>
          <trLine>
            <nr>285.3.69</nr>
            <accID>4530</accID>
            <docRef>123</docRef>
            <effDate>2019-06-30</effDate>
            <desc>Kosten openbaar vervoer januari t/m juni 2019</desc>
            <amnt>90.09</amnt>
            <amntTp>D</amntTp>
            <custSupID>NSREIZIG</custSupID>
            <costID></costID>
            <prodID></prodID>
            <projID></projID>
            <vat>
              <vatID>LAAG_INK_9</vatID>
              <vatPerc>9</vatPerc>
              <vatAmnt>8.11</vatAmnt>
              <vatAmntTp>D</vatAmntTp>
            </vat>
          </trLine>
        </transaction>
        <transaction>
          <nr>296</nr>
          <desc>16 euro. 95% zakelijk.</desc>
          <periodNumber>7</periodNumber>
          <trDt>2019-07-16</trDt>
          <sourceID></sourceID>
          <userID></userID>
          <trLine>
            <nr>296.1.70</nr>
            <accID>1700</accID>
            <docRef>NL1910865366</docRef>
            <effDate>2019-07-16</effDate>
            <desc>16 euro. 95% zakelijk.</desc>
            <amnt>15.2</amnt>
            <amntTp>C</amntTp>
            <custSupID>TELE2 NE</custSupID>
            <costID></costID>
            <prodID></prodID>
            <projID></projID>
            <vat>
              <vatID></vatID>
              <vatPerc>0</vatPerc>
              <vatAmnt>0</vatAmnt>
              <vatAmntTp>C</vatAmntTp>
            </vat>
          </trLine>
          <trLine>
            <nr>296.2.71</nr>
            <accID>1600</accID>
            <docRef>NL1910865366</docRef>
            <effDate>2019-07-16</effDate>
            <desc>16 euro. 95% zakelijk.</desc>
            <amnt>2.64</amnt>
            <amntTp>D</amntTp>
            <custSupID>TELE2 NE</custSupID>
            <costID></costID>
            <prodID></prodID>
            <projID></projID>
            <vat>
              <vatID></vatID>
              <vatPerc>0</vatPerc>
              <vatAmnt>0</vatAmnt>
              <vatAmntTp>D</vatAmntTp>
            </vat>
          </trLine>
          <trLine>
            <nr>296.3.72</nr>
            <accID>4750</accID>
            <docRef>NL1910865366</docRef>
            <effDate>2019-07-16</effDate>
            <desc>16 euro. 95% zakelijk.</desc>
            <amnt>12.56</amnt>
            <amntTp>D</amntTp>
            <custSupID>TELE2 NE</custSupID>
            <costID></costID>
            <prodID></prodID>
            <projID></projID>
            <vat>
              <vatID>HOOG_INK_21</vatID>
              <vatPerc>21</vatPerc>
              <vatAmnt>2.64</vatAmnt>
              <vatAmntTp>D</vatAmntTp>
            </vat>
          </trLine>
        </transaction>
        <transaction>
          <nr>297</nr>
          <desc>16.28 euro. 95% zakelijk</desc>
          <periodNumber>8</periodNumber>
          <trDt>2019-08-15</trDt>
          <sourceID></sourceID>
          <userID></userID>
          <trLine>
            <nr>297.1.73</nr>
            <accID>1700</accID>
            <docRef>NL1912376638</docRef>
            <effDate>2019-08-15</effDate>
            <desc>16.28 euro. 95% zakelijk</desc>
            <amnt>15.47</amnt>
            <amntTp>C</amntTp>
            <custSupID>TELE2 NE</custSupID>
            <costID></costID>
            <prodID></prodID>
            <projID></projID>
            <vat>
              <vatID></vatID>
              <vatPerc>0</vatPerc>
              <vatAmnt>0</vatAmnt>
              <vatAmntTp>C</vatAmntTp>
            </vat>
          </trLine>
          <trLine>
            <nr>297.2.74</nr>
            <accID>1600</accID>
            <docRef>NL1912376638</docRef>
            <effDate>2019-08-15</effDate>
            <desc>16.28 euro. 95% zakelijk</desc>
            <amnt>2.68</amnt>
            <amntTp>D</amntTp>
            <custSupID>TELE2 NE</custSupID>
            <costID></costID>
            <prodID></prodID>
            <projID></projID>
            <vat>
              <vatID></vatID>
              <vatPerc>0</vatPerc>
              <vatAmnt>0</vatAmnt>
              <vatAmntTp>D</vatAmntTp>
            </vat>
          </trLine>
          <trLine>
            <nr>297.3.75</nr>
            <accID>4750</accID>
            <docRef>NL1912376638</docRef>
            <effDate>2019-08-15</effDate>
            <desc>16.28 euro. 95% zakelijk</desc>
            <amnt>12.79</amnt>
            <amntTp>D</amntTp>
            <custSupID>TELE2 NE</custSupID>
            <costID></costID>
            <prodID></prodID>
            <projID></projID>
            <vat>
              <vatID>HOOG_INK_21</vatID>
              <vatPerc>21</vatPerc>
              <vatAmnt>2.68</vatAmnt>
              <vatAmntTp>D</vatAmntTp>
            </vat>
          </trLine>
        </transaction>
        <transaction>
          <nr>298</nr>
          <desc>16.28 euro. 90% zakelijk</desc>
          <periodNumber>9</periodNumber>
          <trDt>2019-09-17</trDt>
          <sourceID></sourceID>
          <userID></userID>
          <trLine>
            <nr>298.1.76</nr>
            <accID>1700</accID>
            <docRef>NL1913896482</docRef>
            <effDate>2019-09-17</effDate>
            <desc>16.28 euro. 90% zakelijk</desc>
            <amnt>14.65</amnt>
            <amntTp>C</amntTp>
            <custSupID>TELE2 NE</custSupID>
            <costID></costID>
            <prodID></prodID>
            <projID></projID>
            <vat>
              <vatID></vatID>
              <vatPerc>0</vatPerc>
              <vatAmnt>0</vatAmnt>
              <vatAmntTp>C</vatAmntTp>
            </vat>
          </trLine>
          <trLine>
            <nr>298.2.77</nr>
            <accID>1600</accID>
            <docRef>NL1913896482</docRef>
            <effDate>2019-09-17</effDate>
            <desc>16.28 euro. 90% zakelijk</desc>
            <amnt>2.54</amnt>
            <amntTp>D</amntTp>
            <custSupID>TELE2 NE</custSupID>
            <costID></costID>
            <prodID></prodID>
            <projID></projID>
            <vat>
              <vatID></vatID>
              <vatPerc>0</vatPerc>
              <vatAmnt>0</vatAmnt>
              <vatAmntTp>D</vatAmntTp>
            </vat>
          </trLine>
          <trLine>
            <nr>298.3.78</nr>
            <accID>4750</accID>
            <docRef>NL1913896482</docRef>
            <effDate>2019-09-17</effDate>
            <desc>16.28 euro. 90% zakelijk</desc>
            <amnt>12.11</amnt>
            <amntTp>D</amntTp>
            <custSupID>TELE2 NE</custSupID>
            <costID></costID>
            <prodID></prodID>
            <projID></projID>
            <vat>
              <vatID>HOOG_INK_21</vatID>
              <vatPerc>21</vatPerc>
              <vatAmnt>2.54</vatAmnt>
              <vatAmntTp>D</vatAmntTp>
            </vat>
          </trLine>
        </transaction>
        <transaction>
          <nr>299</nr>
          <desc>16.35 euro. 95% zakelijk</desc>
          <periodNumber>10</periodNumber>
          <trDt>2019-10-16</trDt>
          <sourceID></sourceID>
          <userID></userID>
          <trLine>
            <nr>299.1.79</nr>
            <accID>1700</accID>
            <docRef>NL1915512496</docRef>
            <effDate>2019-10-16</effDate>
            <desc>16.35 euro. 95% zakelijk</desc>
            <amnt>15.53</amnt>
            <amntTp>C</amntTp>
            <custSupID>TELE2 NE</custSupID>
            <costID></costID>
            <prodID></prodID>
            <projID></projID>
            <vat>
              <vatID></vatID>
              <vatPerc>0</vatPerc>
              <vatAmnt>0</vatAmnt>
              <vatAmntTp>C</vatAmntTp>
            </vat>
          </trLine>
          <trLine>
            <nr>299.2.80</nr>
            <accID>1600</accID>
            <docRef>NL1915512496</docRef>
            <effDate>2019-10-16</effDate>
            <desc>16.35 euro. 95% zakelijk</desc>
            <amnt>2.7</amnt>
            <amntTp>D</amntTp>
            <custSupID>TELE2 NE</custSupID>
            <costID></costID>
            <prodID></prodID>
            <projID></projID>
            <vat>
              <vatID></vatID>
              <vatPerc>0</vatPerc>
              <vatAmnt>0</vatAmnt>
              <vatAmntTp>D</vatAmntTp>
            </vat>
          </trLine>
          <trLine>
            <nr>299.3.81</nr>
            <accID>4750</accID>
            <docRef>NL1915512496</docRef>
            <effDate>2019-10-16</effDate>
            <desc>16.35 euro. 95% zakelijk</desc>
            <amnt>12.83</amnt>
            <amntTp>D</amntTp>
            <custSupID>TELE2 NE</custSupID>
            <costID></costID>
            <prodID></prodID>
            <projID></projID>
            <vat>
              <vatID>HOOG_INK_21</vatID>
              <vatPerc>21</vatPerc>
              <vatAmnt>2.70</vatAmnt>
              <vatAmntTp>D</vatAmntTp>
            </vat>
          </trLine>
        </transaction>
        <transaction>
          <nr>349</nr>
          <desc>Tele2 mobiel. 1911. Totaal 16.28 euro. Percentage zakelijk 95%.</desc>
          <periodNumber>11</periodNumber>
          <trDt>2019-11-15</trDt>
          <sourceID></sourceID>
          <userID></userID>
          <trLine>
            <nr>349.1.82</nr>
            <accID>1700</accID>
            <docRef>NL1917044037</docRef>
            <effDate>2019-11-15</effDate>
            <desc>Tele2 mobiel. 1911. Totaal 16.28 euro. Percentage zakelijk 95%.</desc>
            <amnt>15.47</amnt>
            <amntTp>C</amntTp>
            <custSupID>TELE2 NE</custSupID>
            <costID></costID>
            <prodID></prodID>
            <projID></projID>
            <vat>
              <vatID></vatID>
              <vatPerc>0</vatPerc>
              <vatAmnt>0</vatAmnt>
              <vatAmntTp>C</vatAmntTp>
            </vat>
          </trLine>
          <trLine>
            <nr>349.2.83</nr>
            <accID>1600</accID>
            <docRef>NL1917044037</docRef>
            <effDate>2019-11-15</effDate>
            <desc>Tele2 mobiel. 1911. Totaal 16.28 euro. Percentage zakelijk 95%.</desc>
            <amnt>2.68</amnt>
            <amntTp>D</amntTp>
            <custSupID>TELE2 NE</custSupID>
            <costID></costID>
            <prodID></prodID>
            <projID></projID>
            <vat>
              <vatID></vatID>
              <vatPerc>0</vatPerc>
              <vatAmnt>0</vatAmnt>
              <vatAmntTp>D</vatAmntTp>
            </vat>
          </trLine>
          <trLine>
            <nr>349.3.84</nr>
            <accID>4750</accID>
            <docRef>NL1917044037</docRef>
            <effDate>2019-11-15</effDate>
            <desc>Tele2 mobiel. 1911. Totaal 16.28 euro. Percentage zakelijk 95%.</desc>
            <amnt>12.79</amnt>
            <amntTp>D</amntTp>
            <custSupID>TELE2 NE</custSupID>
            <costID></costID>
            <prodID></prodID>
            <projID></projID>
            <vat>
              <vatID>HOOG_INK_21</vatID>
              <vatPerc>21</vatPerc>
              <vatAmnt>2.68</vatAmnt>
              <vatAmntTp>D</vatAmntTp>
            </vat>
          </trLine>
        </transaction>
        <transaction>
          <nr>350</nr>
          <desc>Tele2 mobiel.1912. Totaal 16.28 euro. Percentage zakelijk 85%.</desc>
          <periodNumber>12</periodNumber>
          <trDt>2019-12-16</trDt>
          <sourceID></sourceID>
          <userID></userID>
          <trLine>
            <nr>350.1.85</nr>
            <accID>1700</accID>
            <docRef>NL1919175891</docRef>
            <effDate>2019-12-16</effDate>
            <desc>Tele2 mobiel.1912. Totaal 16.28 euro. Percentage zakelijk 85%.</desc>
            <amnt>13.84</amnt>
            <amntTp>C</amntTp>
            <custSupID>TELE2 NE</custSupID>
            <costID></costID>
            <prodID></prodID>
            <projID></projID>
            <vat>
              <vatID></vatID>
              <vatPerc>0</vatPerc>
              <vatAmnt>0</vatAmnt>
              <vatAmntTp>C</vatAmntTp>
            </vat>
          </trLine>
          <trLine>
            <nr>350.2.86</nr>
            <accID>1600</accID>
            <docRef>NL1919175891</docRef>
            <effDate>2019-12-16</effDate>
            <desc>Tele2 mobiel.1912. Totaal 16.28 euro. Percentage zakelijk 85%.</desc>
            <amnt>2.4</amnt>
            <amntTp>D</amntTp>
            <custSupID>TELE2 NE</custSupID>
            <costID></costID>
            <prodID></prodID>
            <projID></projID>
            <vat>
              <vatID></vatID>
              <vatPerc>0</vatPerc>
              <vatAmnt>0</vatAmnt>
              <vatAmntTp>D</vatAmntTp>
            </vat>
          </trLine>
          <trLine>
            <nr>350.3.87</nr>
            <accID>4750</accID>
            <docRef>NL1919175891</docRef>
            <effDate>2019-12-16</effDate>
            <desc>Tele2 mobiel.1912. Totaal 16.28 euro. Percentage zakelijk 85%.</desc>
            <amnt>11.44</amnt>
            <amntTp>D</amntTp>
            <custSupID>TELE2 NE</custSupID>
            <costID></costID>
            <prodID></prodID>
            <projID></projID>
            <vat>
              <vatID>HOOG_INK_21</vatID>
              <vatPerc>21</vatPerc>
              <vatAmnt>2.40</vatAmnt>
              <vatAmntTp>D</vatAmntTp>
            </vat>
          </trLine>
        </transaction>
      </journal>
      <journal>
        <jrnID>1000</jrnID>
        <desc>Kas</desc>
        <jrnTp>B</jrnTp>
      </journal>
      <journal>
        <jrnID>1010</jrnID>
        <desc>Bank</desc>
        <jrnTp>B</jrnTp>
        <transaction>
          <nr>202</nr>
          <desc>Kantoorbenodigdheden</desc>
          <periodNumber>4</periodNumber>
          <trDt>2019-04-25</trDt>
          <sourceID></sourceID>
          <userID></userID>
          <trLine>
            <nr>202.1.88</nr>
            <accID>1010</accID>
            <docRef></docRef>
            <effDate>2019-04-25</effDate>
            <desc>Kantoorbenodigdheden</desc>
            <amnt>32.35</amnt>
            <amntTp>C</amntTp>
            <custSupID></custSupID>
            <costID></costID>
            <prodID></prodID>
            <projID></projID>
            <vat>
              <vatID></vatID>
              <vatPerc>0</vatPerc>
              <vatAmnt>0</vatAmnt>
              <vatAmntTp>C</vatAmntTp>
            </vat>
          </trLine>
          <trLine>
            <nr>202.2.89</nr>
            <accID>1600</accID>
            <docRef></docRef>
            <effDate>2019-04-25</effDate>
            <desc>Kantoorbenodigdheden</desc>
            <amnt>5.61</amnt>
            <amntTp>D</amntTp>
            <custSupID></custSupID>
            <costID></costID>
            <prodID></prodID>
            <projID></projID>
            <vat>
              <vatID></vatID>
              <vatPerc>0</vatPerc>
              <vatAmnt>0</vatAmnt>
              <vatAmntTp>D</vatAmntTp>
            </vat>
          </trLine>
          <trLine>
            <nr>202.3.90</nr>
            <accID>4700</accID>
            <docRef></docRef>
            <effDate>2019-04-25</effDate>
            <desc>Kantoorbenodigdheden</desc>
            <amnt>26.74</amnt>
            <amntTp>D</amntTp>
            <custSupID></custSupID>
            <costID></costID>
            <prodID></prodID>
            <projID></projID>
            <vat>
              <vatID>HOOG_INK_21</vatID>
              <vatPerc>21</vatPerc>
              <vatAmnt>5.61</vatAmnt>
              <vatAmntTp>D</vatAmntTp>
            </vat>
          </trLine>
        </transaction>
        <transaction>
          <nr>203</nr>
          <desc>Betaling factuur Tele2 18xx</desc>
          <periodNumber>1</periodNumber>
          <trDt>2019-01-15</trDt>
          <sourceID></sourceID>
          <userID></userID>
          <trLine>
            <nr>203.1.91</nr>
            <accID>1010</accID>
            <docRef>246864246.19</docRef>
            <effDate>2019-01-15</effDate>
            <desc>Betaling factuur Tele2 18xx</desc>
            <amnt>13164.8</amnt>
            <amntTp>D</amntTp>
            <custSupID>HARVEY N</custSupID>
            <costID></costID>
            <prodID></prodID>
            <projID></projID>
            <vat>
              <vatID></vatID>
              <vatPerc>0</vatPerc>
              <vatAmnt>0</vatAmnt>
              <vatAmntTp>D</vatAmntTp>
            </vat>
          </trLine>
          <trLine>
            <nr>203.3.92</nr>
            <accID>1300</accID>
            <docRef>246864246.19</docRef>
            <effDate>2019-01-15</effDate>
            <desc>Betaling factuur Tele2 18xx</desc>
            <amnt>13164.8</amnt>
            <amntTp>C</amntTp>
            <custSupID>HARVEY N</custSupID>
            <costID></costID>
            <prodID></prodID>
            <projID></projID>
            <vat>
              <vatID></vatID>
              <vatPerc>0</vatPerc>
              <vatAmnt>0</vatAmnt>
              <vatAmntTp>C</vatAmntTp>
            </vat>
          </trLine>
        </transaction>
        <transaction>
          <nr>204</nr>
          <desc>Tele2. Betaling [1901]</desc>
          <periodNumber>2</periodNumber>
          <trDt>2019-02-12</trDt>
          <sourceID></sourceID>
          <userID></userID>
          <trLine>
            <nr>204.1.93</nr>
            <accID>1010</accID>
            <docRef>246864246.20</docRef>
            <effDate>2019-02-12</effDate>
            <desc>Tele2. Betaling [1901]</desc>
            <amnt>10841.6</amnt>
            <amntTp>D</amntTp>
            <custSupID>HARVEY N</custSupID>
            <costID></costID>
            <prodID></prodID>
            <projID></projID>
            <vat>
              <vatID></vatID>
              <vatPerc>0</vatPerc>
              <vatAmnt>0</vatAmnt>
              <vatAmntTp>D</vatAmntTp>
            </vat>
          </trLine>
          <trLine>
            <nr>204.3.94</nr>
            <accID>1300</accID>
            <docRef>246864246.20</docRef>
            <effDate>2019-02-12</effDate>
            <desc>Tele2. Betaling [1901]</desc>
            <amnt>10841.6</amnt>
            <amntTp>C</amntTp>
            <custSupID>HARVEY N</custSupID>
            <costID></costID>
            <prodID></prodID>
            <projID></projID>
            <vat>
              <vatID></vatID>
              <vatPerc>0</vatPerc>
              <vatAmnt>0</vatAmnt>
              <vatAmntTp>C</vatAmntTp>
            </vat>
          </trLine>
        </transaction>
        <transaction>
          <nr>205</nr>
          <desc>Betaling Tele2. Factuur [1902]</desc>
          <periodNumber>3</periodNumber>
          <trDt>2019-03-19</trDt>
          <sourceID></sourceID>
          <userID></userID>
          <trLine>
            <nr>205.1.95</nr>
            <accID>1010</accID>
            <docRef>246864246.21</docRef>
            <effDate>2019-03-19</effDate>
            <desc>Betaling Tele2. Factuur [1902]</desc>
            <amnt>1742.4</amnt>
            <amntTp>D</amntTp>
            <custSupID>HARVEY N</custSupID>
            <costID></costID>
            <prodID></prodID>
            <projID></projID>
            <vat>
              <vatID></vatID>
              <vatPerc>0</vatPerc>
              <vatAmnt>0</vatAmnt>
              <vatAmntTp>D</vatAmntTp>
            </vat>
          </trLine>
          <trLine>
            <nr>205.3.96</nr>
            <accID>1300</accID>
            <docRef>246864246.21</docRef>
            <effDate>2019-03-19</effDate>
            <desc>Betaling Tele2. Factuur [1902]</desc>
            <amnt>1742.4</amnt>
            <amntTp>C</amntTp>
            <custSupID>HARVEY N</custSupID>
            <costID></costID>
            <prodID></prodID>
            <projID></projID>
            <vat>
              <vatID></vatID>
              <vatPerc>0</vatPerc>
              <vatAmnt>0</vatAmnt>
              <vatAmntTp>C</vatAmntTp>
            </vat>
          </trLine>
        </transaction>
        <transaction>
          <nr>206</nr>
          <desc>Betaling Tele2. Factuur 1903.</desc>
          <periodNumber>3</periodNumber>
          <trDt>2019-03-19</trDt>
          <sourceID></sourceID>
          <userID></userID>
          <trLine>
            <nr>206.1.97</nr>
            <accID>1010</accID>
            <docRef>246864246.22</docRef>
            <effDate>2019-03-19</effDate>
            <desc>Betaling Tele2. Factuur 1903.</desc>
            <amnt>9099.2</amnt>
            <amntTp>D</amntTp>
            <custSupID>HARVEY N</custSupID>
            <costID></costID>
            <prodID></prodID>
            <projID></projID>
            <vat>
              <vatID></vatID>
              <vatPerc>0</vatPerc>
              <vatAmnt>0</vatAmnt>
              <vatAmntTp>D</vatAmntTp>
            </vat>
          </trLine>
          <trLine>
            <nr>206.3.98</nr>
            <accID>1300</accID>
            <docRef>246864246.22</docRef>
            <effDate>2019-03-19</effDate>
            <desc>Betaling Tele2. Factuur 1903.</desc>
            <amnt>9099.2</amnt>
            <amntTp>C</amntTp>
            <custSupID>HARVEY N</custSupID>
            <costID></costID>
            <prodID></prodID>
            <projID></projID>
            <vat>
              <vatID></vatID>
              <vatPerc>0</vatPerc>
              <vatAmnt>0</vatAmnt>
              <vatAmntTp>C</vatAmntTp>
            </vat>
          </trLine>
        </transaction>
        <transaction>
          <nr>207</nr>
          <desc>Betaling Tele2. Factuur 1904.</desc>
          <periodNumber>4</periodNumber>
          <trDt>2019-04-17</trDt>
          <sourceID></sourceID>
          <userID></userID>
          <trLine>
            <nr>207.1.99</nr>
            <accID>1010</accID>
            <docRef>246864246.23</docRef>
            <effDate>2019-04-17</effDate>
            <desc>Betaling Tele2. Factuur 1904.</desc>
            <amnt>17230.4</amnt>
            <amntTp>D</amntTp>
            <custSupID>HARVEY N</custSupID>
            <costID></costID>
            <prodID></prodID>
            <projID></projID>
            <vat>
              <vatID></vatID>
              <vatPerc>0</vatPerc>
              <vatAmnt>0</vatAmnt>
              <vatAmntTp>D</vatAmntTp>
            </vat>
          </trLine>
          <trLine>
            <nr>207.3.100</nr>
            <accID>1300</accID>
            <docRef>246864246.23</docRef>
            <effDate>2019-04-17</effDate>
            <desc>Betaling Tele2. Factuur 1904.</desc>
            <amnt>17230.4</amnt>
            <amntTp>C</amntTp>
            <custSupID>HARVEY N</custSupID>
            <costID></costID>
            <prodID></prodID>
            <projID></projID>
            <vat>
              <vatID></vatID>
              <vatPerc>0</vatPerc>
              <vatAmnt>0</vatAmnt>
              <vatAmntTp>C</vatAmntTp>
            </vat>
          </trLine>
        </transaction>
        <transaction>
          <nr>208</nr>
          <desc>Rente knab 2019</desc>
          <periodNumber>7</periodNumber>
          <trDt>2019-07-01</trDt>
          <sourceID></sourceID>
          <userID></userID>
          <trLine>
            <nr>208.1.101</nr>
            <accID>1010</accID>
            <docRef></docRef>
            <effDate>2019-07-01</effDate>
            <desc>Rente knab 2019</desc>
            <amnt>16.99</amnt>
            <amntTp>D</amntTp>
            <custSupID></custSupID>
            <costID></costID>
            <prodID></prodID>
            <projID></projID>
            <vat>
              <vatID></vatID>
              <vatPerc>0</vatPerc>
              <vatAmnt>0</vatAmnt>
              <vatAmntTp>D</vatAmntTp>
            </vat>
          </trLine>
          <trLine>
            <nr>208.3.102</nr>
            <accID>8410</accID>
            <docRef></docRef>
            <effDate>2019-07-01</effDate>
            <desc>Rente knab 2019</desc>
            <amnt>16.99</amnt>
            <amntTp>C</amntTp>
            <custSupID></custSupID>
            <costID></costID>
            <prodID></prodID>
            <projID></projID>
            <vat>
              <vatID></vatID>
              <vatPerc>0</vatPerc>
              <vatAmnt>0</vatAmnt>
              <vatAmntTp>C</vatAmntTp>
            </vat>
          </trLine>
        </transaction>
        <transaction>
          <nr>209</nr>
          <desc>pakketkosten knab</desc>
          <periodNumber>4</periodNumber>
          <trDt>2019-04-01</trDt>
          <sourceID></sourceID>
          <userID></userID>
          <trLine>
            <nr>209.1.103</nr>
            <accID>1010</accID>
            <docRef></docRef>
            <effDate>2019-04-01</effDate>
            <desc>pakketkosten knab</desc>
            <amnt>5</amnt>
            <amntTp>C</amntTp>
            <custSupID></custSupID>
            <costID></costID>
            <prodID></prodID>
            <projID></projID>
            <vat>
              <vatID></vatID>
              <vatPerc>0</vatPerc>
              <vatAmnt>0</vatAmnt>
              <vatAmntTp>C</vatAmntTp>
            </vat>
          </trLine>
          <trLine>
            <nr>209.3.104</nr>
            <accID>4550</accID>
            <docRef></docRef>
            <effDate>2019-04-01</effDate>
            <desc>pakketkosten knab</desc>
            <amnt>5</amnt>
            <amntTp>D</amntTp>
            <custSupID></custSupID>
            <costID></costID>
            <prodID></prodID>
            <projID></projID>
            <vat>
              <vatID></vatID>
              <vatPerc>0</vatPerc>
              <vatAmnt>0</vatAmnt>
              <vatAmntTp>D</vatAmntTp>
            </vat>
          </trLine>
        </transaction>
        <transaction>
          <nr>210</nr>
          <desc>pakketkosten knab</desc>
          <periodNumber>3</periodNumber>
          <trDt>2019-03-01</trDt>
          <sourceID></sourceID>
          <userID></userID>
          <trLine>
            <nr>210.1.105</nr>
            <accID>1010</accID>
            <docRef></docRef>
            <effDate>2019-03-01</effDate>
            <desc>pakketkosten knab</desc>
            <amnt>5</amnt>
            <amntTp>C</amntTp>
            <custSupID></custSupID>
            <costID></costID>
            <prodID></prodID>
            <projID></projID>
            <vat>
              <vatID></vatID>
              <vatPerc>0</vatPerc>
              <vatAmnt>0</vatAmnt>
              <vatAmntTp>C</vatAmntTp>
            </vat>
          </trLine>
          <trLine>
            <nr>210.3.106</nr>
            <accID>4550</accID>
            <docRef></docRef>
            <effDate>2019-03-01</effDate>
            <desc>pakketkosten knab</desc>
            <amnt>5</amnt>
            <amntTp>D</amntTp>
            <custSupID></custSupID>
            <costID></costID>
            <prodID></prodID>
            <projID></projID>
            <vat>
              <vatID></vatID>
              <vatPerc>0</vatPerc>
              <vatAmnt>0</vatAmnt>
              <vatAmntTp>D</vatAmntTp>
            </vat>
          </trLine>
        </transaction>
        <transaction>
          <nr>211</nr>
          <desc>pakketkosten knab</desc>
          <periodNumber>2</periodNumber>
          <trDt>2019-02-01</trDt>
          <sourceID></sourceID>
          <userID></userID>
          <trLine>
            <nr>211.1.107</nr>
            <accID>1010</accID>
            <docRef></docRef>
            <effDate>2019-02-01</effDate>
            <desc>pakketkosten knab</desc>
            <amnt>5</amnt>
            <amntTp>C</amntTp>
            <custSupID></custSupID>
            <costID></costID>
            <prodID></prodID>
            <projID></projID>
            <vat>
              <vatID></vatID>
              <vatPerc>0</vatPerc>
              <vatAmnt>0</vatAmnt>
              <vatAmntTp>C</vatAmntTp>
            </vat>
          </trLine>
          <trLine>
            <nr>211.3.108</nr>
            <accID>4550</accID>
            <docRef></docRef>
            <effDate>2019-02-01</effDate>
            <desc>pakketkosten knab</desc>
            <amnt>5</amnt>
            <amntTp>D</amntTp>
            <custSupID></custSupID>
            <costID></costID>
            <prodID></prodID>
            <projID></projID>
            <vat>
              <vatID></vatID>
              <vatPerc>0</vatPerc>
              <vatAmnt>0</vatAmnt>
              <vatAmntTp>D</vatAmntTp>
            </vat>
          </trLine>
        </transaction>
        <transaction>
          <nr>212</nr>
          <desc>pakketkosten knab</desc>
          <periodNumber>1</periodNumber>
          <trDt>2019-01-02</trDt>
          <sourceID></sourceID>
          <userID></userID>
          <trLine>
            <nr>212.1.109</nr>
            <accID>1010</accID>
            <docRef></docRef>
            <effDate>2019-01-02</effDate>
            <desc>pakketkosten knab</desc>
            <amnt>5</amnt>
            <amntTp>C</amntTp>
            <custSupID></custSupID>
            <costID></costID>
            <prodID></prodID>
            <projID></projID>
            <vat>
              <vatID></vatID>
              <vatPerc>0</vatPerc>
              <vatAmnt>0</vatAmnt>
              <vatAmntTp>C</vatAmntTp>
            </vat>
          </trLine>
          <trLine>
            <nr>212.3.110</nr>
            <accID>4550</accID>
            <docRef></docRef>
            <effDate>2019-01-02</effDate>
            <desc>pakketkosten knab</desc>
            <amnt>5</amnt>
            <amntTp>D</amntTp>
            <custSupID></custSupID>
            <costID></costID>
            <prodID></prodID>
            <projID></projID>
            <vat>
              <vatID></vatID>
              <vatPerc>0</vatPerc>
              <vatAmnt>0</vatAmnt>
              <vatAmntTp>D</vatAmntTp>
            </vat>
          </trLine>
        </transaction>
        <transaction>
          <nr>213</nr>
          <desc>factuur eboekhouden 01-2019</desc>
          <periodNumber>1</periodNumber>
          <trDt>2019-01-17</trDt>
          <sourceID></sourceID>
          <userID></userID>
          <trLine>
            <nr>213.1.111</nr>
            <accID>1010</accID>
            <docRef></docRef>
            <effDate>2019-01-17</effDate>
            <desc>factuur eboekhouden 01-2019</desc>
            <amnt>16.82</amnt>
            <amntTp>C</amntTp>
            <custSupID></custSupID>
            <costID></costID>
            <prodID></prodID>
            <projID></projID>
            <vat>
              <vatID></vatID>
              <vatPerc>0</vatPerc>
              <vatAmnt>0</vatAmnt>
              <vatAmntTp>C</vatAmntTp>
            </vat>
          </trLine>
          <trLine>
            <nr>213.2.112</nr>
            <accID>1600</accID>
            <docRef></docRef>
            <effDate>2019-01-17</effDate>
            <desc>factuur eboekhouden 01-2019</desc>
            <amnt>2.92</amnt>
            <amntTp>D</amntTp>
            <custSupID></custSupID>
            <costID></costID>
            <prodID></prodID>
            <projID></projID>
            <vat>
              <vatID></vatID>
              <vatPerc>0</vatPerc>
              <vatAmnt>0</vatAmnt>
              <vatAmntTp>D</vatAmntTp>
            </vat>
          </trLine>
          <trLine>
            <nr>213.3.113</nr>
            <accID>4560</accID>
            <docRef></docRef>
            <effDate>2019-01-17</effDate>
            <desc>factuur eboekhouden 01-2019</desc>
            <amnt>13.9</amnt>
            <amntTp>D</amntTp>
            <custSupID></custSupID>
            <costID></costID>
            <prodID></prodID>
            <projID></projID>
            <vat>
              <vatID>HOOG_INK_21</vatID>
              <vatPerc>21</vatPerc>
              <vatAmnt>2.92</vatAmnt>
              <vatAmntTp>D</vatAmntTp>
            </vat>
          </trLine>
        </transaction>
        <transaction>
          <nr>214</nr>
          <desc>factuur eboekhouden 02-2019</desc>
          <periodNumber>2</periodNumber>
          <trDt>2019-02-19</trDt>
          <sourceID></sourceID>
          <userID></userID>
          <trLine>
            <nr>214.1.114</nr>
            <accID>1010</accID>
            <docRef></docRef>
            <effDate>2019-02-19</effDate>
            <desc>factuur eboekhouden 02-2019</desc>
            <amnt>16.82</amnt>
            <amntTp>C</amntTp>
            <custSupID></custSupID>
            <costID></costID>
            <prodID></prodID>
            <projID></projID>
            <vat>
              <vatID></vatID>
              <vatPerc>0</vatPerc>
              <vatAmnt>0</vatAmnt>
              <vatAmntTp>C</vatAmntTp>
            </vat>
          </trLine>
          <trLine>
            <nr>214.2.115</nr>
            <accID>1600</accID>
            <docRef></docRef>
            <effDate>2019-02-19</effDate>
            <desc>factuur eboekhouden 02-2019</desc>
            <amnt>2.92</amnt>
            <amntTp>D</amntTp>
            <custSupID></custSupID>
            <costID></costID>
            <prodID></prodID>
            <projID></projID>
            <vat>
              <vatID></vatID>
              <vatPerc>0</vatPerc>
              <vatAmnt>0</vatAmnt>
              <vatAmntTp>D</vatAmntTp>
            </vat>
          </trLine>
          <trLine>
            <nr>214.3.116</nr>
            <accID>4560</accID>
            <docRef></docRef>
            <effDate>2019-02-19</effDate>
            <desc>factuur eboekhouden 02-2019</desc>
            <amnt>13.9</amnt>
            <amntTp>D</amntTp>
            <custSupID></custSupID>
            <costID></costID>
            <prodID></prodID>
            <projID></projID>
            <vat>
              <vatID>HOOG_INK_21</vatID>
              <vatPerc>21</vatPerc>
              <vatAmnt>2.92</vatAmnt>
              <vatAmntTp>D</vatAmntTp>
            </vat>
          </trLine>
        </transaction>
        <transaction>
          <nr>215</nr>
          <desc>factuur eboekhouden 03-2019</desc>
          <periodNumber>3</periodNumber>
          <trDt>2019-03-19</trDt>
          <sourceID></sourceID>
          <userID></userID>
          <trLine>
            <nr>215.1.117</nr>
            <accID>1010</accID>
            <docRef></docRef>
            <effDate>2019-03-19</effDate>
            <desc>factuur eboekhouden 03-2019</desc>
            <amnt>16.82</amnt>
            <amntTp>C</amntTp>
            <custSupID></custSupID>
            <costID></costID>
            <prodID></prodID>
            <projID></projID>
            <vat>
              <vatID></vatID>
              <vatPerc>0</vatPerc>
              <vatAmnt>0</vatAmnt>
              <vatAmntTp>C</vatAmntTp>
            </vat>
          </trLine>
          <trLine>
            <nr>215.2.118</nr>
            <accID>1600</accID>
            <docRef></docRef>
            <effDate>2019-03-19</effDate>
            <desc>factuur eboekhouden 03-2019</desc>
            <amnt>2.92</amnt>
            <amntTp>D</amntTp>
            <custSupID></custSupID>
            <costID></costID>
            <prodID></prodID>
            <projID></projID>
            <vat>
              <vatID></vatID>
              <vatPerc>0</vatPerc>
              <vatAmnt>0</vatAmnt>
              <vatAmntTp>D</vatAmntTp>
            </vat>
          </trLine>
          <trLine>
            <nr>215.3.119</nr>
            <accID>4560</accID>
            <docRef></docRef>
            <effDate>2019-03-19</effDate>
            <desc>factuur eboekhouden 03-2019</desc>
            <amnt>13.9</amnt>
            <amntTp>D</amntTp>
            <custSupID></custSupID>
            <costID></costID>
            <prodID></prodID>
            <projID></projID>
            <vat>
              <vatID>HOOG_INK_21</vatID>
              <vatPerc>21</vatPerc>
              <vatAmnt>2.92</vatAmnt>
              <vatAmntTp>D</vatAmntTp>
            </vat>
          </trLine>
        </transaction>
        <transaction>
          <nr>216</nr>
          <desc>factuur eboekhouden 04-2019</desc>
          <periodNumber>4</periodNumber>
          <trDt>2019-04-17</trDt>
          <sourceID></sourceID>
          <userID></userID>
          <trLine>
            <nr>216.1.120</nr>
            <accID>1010</accID>
            <docRef></docRef>
            <effDate>2019-04-17</effDate>
            <desc>factuur eboekhouden 04-2019</desc>
            <amnt>16.82</amnt>
            <amntTp>C</amntTp>
            <custSupID></custSupID>
            <costID></costID>
            <prodID></prodID>
            <projID></projID>
            <vat>
              <vatID></vatID>
              <vatPerc>0</vatPerc>
              <vatAmnt>0</vatAmnt>
              <vatAmntTp>C</vatAmntTp>
            </vat>
          </trLine>
          <trLine>
            <nr>216.2.121</nr>
            <accID>1600</accID>
            <docRef></docRef>
            <effDate>2019-04-17</effDate>
            <desc>factuur eboekhouden 04-2019</desc>
            <amnt>2.92</amnt>
            <amntTp>D</amntTp>
            <custSupID></custSupID>
            <costID></costID>
            <prodID></prodID>
            <projID></projID>
            <vat>
              <vatID></vatID>
              <vatPerc>0</vatPerc>
              <vatAmnt>0</vatAmnt>
              <vatAmntTp>D</vatAmntTp>
            </vat>
          </trLine>
          <trLine>
            <nr>216.3.122</nr>
            <accID>4560</accID>
            <docRef></docRef>
            <effDate>2019-04-17</effDate>
            <desc>factuur eboekhouden 04-2019</desc>
            <amnt>13.9</amnt>
            <amntTp>D</amntTp>
            <custSupID></custSupID>
            <costID></costID>
            <prodID></prodID>
            <projID></projID>
            <vat>
              <vatID>HOOG_INK_21</vatID>
              <vatPerc>21</vatPerc>
              <vatAmnt>2.92</vatAmnt>
              <vatAmntTp>D</vatAmntTp>
            </vat>
          </trLine>
        </transaction>
        <transaction>
          <nr>217</nr>
          <desc>levensonderhoud 01-2019</desc>
          <periodNumber>1</periodNumber>
          <trDt>2019-01-30</trDt>
          <sourceID></sourceID>
          <userID></userID>
          <trLine>
            <nr>217.1.123</nr>
            <accID>1010</accID>
            <docRef></docRef>
            <effDate>2019-01-30</effDate>
            <desc>levensonderhoud 01-2019</desc>
            <amnt>1000</amnt>
            <amntTp>C</amntTp>
            <custSupID></custSupID>
            <costID></costID>
            <prodID></prodID>
            <projID></projID>
            <vat>
              <vatID></vatID>
              <vatPerc>0</vatPerc>
              <vatAmnt>0</vatAmnt>
              <vatAmntTp>C</vatAmntTp>
            </vat>
          </trLine>
          <trLine>
            <nr>217.3.124</nr>
            <accID>1410</accID>
            <docRef></docRef>
            <effDate>2019-01-30</effDate>
            <desc>levensonderhoud 01-2019</desc>
            <amnt>1000</amnt>
            <amntTp>D</amntTp>
            <custSupID></custSupID>
            <costID></costID>
            <prodID></prodID>
            <projID></projID>
            <vat>
              <vatID></vatID>
              <vatPerc>0</vatPerc>
              <vatAmnt>0</vatAmnt>
              <vatAmntTp>D</vatAmntTp>
            </vat>
          </trLine>
        </transaction>
        <transaction>
          <nr>218</nr>
          <desc>Levensonderhoud 02-2019</desc>
          <periodNumber>2</periodNumber>
          <trDt>2019-02-05</trDt>
          <sourceID></sourceID>
          <userID></userID>
          <trLine>
            <nr>218.1.125</nr>
            <accID>1010</accID>
            <docRef></docRef>
            <effDate>2019-02-05</effDate>
            <desc>Levensonderhoud 02-2019</desc>
            <amnt>2000</amnt>
            <amntTp>C</amntTp>
            <custSupID></custSupID>
            <costID></costID>
            <prodID></prodID>
            <projID></projID>
            <vat>
              <vatID></vatID>
              <vatPerc>0</vatPerc>
              <vatAmnt>0</vatAmnt>
              <vatAmntTp>C</vatAmntTp>
            </vat>
          </trLine>
          <trLine>
            <nr>218.3.126</nr>
            <accID>1410</accID>
            <docRef></docRef>
            <effDate>2019-02-05</effDate>
            <desc>Levensonderhoud 02-2019</desc>
            <amnt>2000</amnt>
            <amntTp>D</amntTp>
            <custSupID></custSupID>
            <costID></costID>
            <prodID></prodID>
            <projID></projID>
            <vat>
              <vatID></vatID>
              <vatPerc>0</vatPerc>
              <vatAmnt>0</vatAmnt>
              <vatAmntTp>D</vatAmntTp>
            </vat>
          </trLine>
        </transaction>
        <transaction>
          <nr>219</nr>
          <desc>Levensonderhoud 02-2019</desc>
          <periodNumber>2</periodNumber>
          <trDt>2019-02-15</trDt>
          <sourceID></sourceID>
          <userID></userID>
          <trLine>
            <nr>219.1.127</nr>
            <accID>1010</accID>
            <docRef></docRef>
            <effDate>2019-02-15</effDate>
            <desc>Levensonderhoud 02-2019</desc>
            <amnt>1000</amnt>
            <amntTp>C</amntTp>
            <custSupID></custSupID>
            <costID></costID>
            <prodID></prodID>
            <projID></projID>
            <vat>
              <vatID></vatID>
              <vatPerc>0</vatPerc>
              <vatAmnt>0</vatAmnt>
              <vatAmntTp>C</vatAmntTp>
            </vat>
          </trLine>
          <trLine>
            <nr>219.3.128</nr>
            <accID>1410</accID>
            <docRef></docRef>
            <effDate>2019-02-15</effDate>
            <desc>Levensonderhoud 02-2019</desc>
            <amnt>1000</amnt>
            <amntTp>D</amntTp>
            <custSupID></custSupID>
            <costID></costID>
            <prodID></prodID>
            <projID></projID>
            <vat>
              <vatID></vatID>
              <vatPerc>0</vatPerc>
              <vatAmnt>0</vatAmnt>
              <vatAmntTp>D</vatAmntTp>
            </vat>
          </trLine>
        </transaction>
        <transaction>
          <nr>220</nr>
          <desc>Levensonderhoud 02-2019</desc>
          <periodNumber>2</periodNumber>
          <trDt>2019-02-25</trDt>
          <sourceID></sourceID>
          <userID></userID>
          <trLine>
            <nr>220.1.129</nr>
            <accID>1010</accID>
            <docRef></docRef>
            <effDate>2019-02-25</effDate>
            <desc>Levensonderhoud 02-2019</desc>
            <amnt>3800</amnt>
            <amntTp>C</amntTp>
            <custSupID></custSupID>
            <costID></costID>
            <prodID></prodID>
            <projID></projID>
            <vat>
              <vatID></vatID>
              <vatPerc>0</vatPerc>
              <vatAmnt>0</vatAmnt>
              <vatAmntTp>C</vatAmntTp>
            </vat>
          </trLine>
          <trLine>
            <nr>220.3.130</nr>
            <accID>1410</accID>
            <docRef></docRef>
            <effDate>2019-02-25</effDate>
            <desc>Levensonderhoud 02-2019</desc>
            <amnt>3800</amnt>
            <amntTp>D</amntTp>
            <custSupID></custSupID>
            <costID></costID>
            <prodID></prodID>
            <projID></projID>
            <vat>
              <vatID></vatID>
              <vatPerc>0</vatPerc>
              <vatAmnt>0</vatAmnt>
              <vatAmntTp>D</vatAmntTp>
            </vat>
          </trLine>
        </transaction>
        <transaction>
          <nr>221</nr>
          <desc>Levensonderhoud 03-2019</desc>
          <periodNumber>3</periodNumber>
          <trDt>2019-03-11</trDt>
          <sourceID></sourceID>
          <userID></userID>
          <trLine>
            <nr>221.1.131</nr>
            <accID>1010</accID>
            <docRef></docRef>
            <effDate>2019-03-11</effDate>
            <desc>Levensonderhoud 03-2019</desc>
            <amnt>1500</amnt>
            <amntTp>C</amntTp>
            <custSupID></custSupID>
            <costID></costID>
            <prodID></prodID>
            <projID></projID>
            <vat>
              <vatID></vatID>
              <vatPerc>0</vatPerc>
              <vatAmnt>0</vatAmnt>
              <vatAmntTp>C</vatAmntTp>
            </vat>
          </trLine>
          <trLine>
            <nr>221.3.132</nr>
            <accID>1410</accID>
            <docRef></docRef>
            <effDate>2019-03-11</effDate>
            <desc>Levensonderhoud 03-2019</desc>
            <amnt>1500</amnt>
            <amntTp>D</amntTp>
            <custSupID></custSupID>
            <costID></costID>
            <prodID></prodID>
            <projID></projID>
            <vat>
              <vatID></vatID>
              <vatPerc>0</vatPerc>
              <vatAmnt>0</vatAmnt>
              <vatAmntTp>D</vatAmntTp>
            </vat>
          </trLine>
        </transaction>
        <transaction>
          <nr>222</nr>
          <desc>Levensonderhoud 04-2019</desc>
          <periodNumber>4</periodNumber>
          <trDt>2019-04-10</trDt>
          <sourceID></sourceID>
          <userID></userID>
          <trLine>
            <nr>222.1.133</nr>
            <accID>1010</accID>
            <docRef></docRef>
            <effDate>2019-04-10</effDate>
            <desc>Levensonderhoud 04-2019</desc>
            <amnt>7800</amnt>
            <amntTp>C</amntTp>
            <custSupID></custSupID>
            <costID></costID>
            <prodID></prodID>
            <projID></projID>
            <vat>
              <vatID></vatID>
              <vatPerc>0</vatPerc>
              <vatAmnt>0</vatAmnt>
              <vatAmntTp>C</vatAmntTp>
            </vat>
          </trLine>
          <trLine>
            <nr>222.3.134</nr>
            <accID>1410</accID>
            <docRef></docRef>
            <effDate>2019-04-10</effDate>
            <desc>Levensonderhoud 04-2019</desc>
            <amnt>7800</amnt>
            <amntTp>D</amntTp>
            <custSupID></custSupID>
            <costID></costID>
            <prodID></prodID>
            <projID></projID>
            <vat>
              <vatID></vatID>
              <vatPerc>0</vatPerc>
              <vatAmnt>0</vatAmnt>
              <vatAmntTp>D</vatAmntTp>
            </vat>
          </trLine>
        </transaction>
        <transaction>
          <nr>223</nr>
          <desc>Vakliteratuur</desc>
          <periodNumber>3</periodNumber>
          <trDt>2019-03-11</trDt>
          <sourceID></sourceID>
          <userID></userID>
          <trLine>
            <nr>223.1.135</nr>
            <accID>1010</accID>
            <docRef></docRef>
            <effDate>2019-03-11</effDate>
            <desc>Vakliteratuur</desc>
            <amnt>4.91</amnt>
            <amntTp>C</amntTp>
            <custSupID></custSupID>
            <costID></costID>
            <prodID></prodID>
            <projID></projID>
            <vat>
              <vatID></vatID>
              <vatPerc>0</vatPerc>
              <vatAmnt>0</vatAmnt>
              <vatAmntTp>C</vatAmntTp>
            </vat>
          </trLine>
          <trLine>
            <nr>223.2.136</nr>
            <accID>1600</accID>
            <docRef></docRef>
            <effDate>2019-03-11</effDate>
            <desc>Vakliteratuur</desc>
            <amnt>0.41</amnt>
            <amntTp>D</amntTp>
            <custSupID></custSupID>
            <costID></costID>
            <prodID></prodID>
            <projID></projID>
            <vat>
              <vatID></vatID>
              <vatPerc>0</vatPerc>
              <vatAmnt>0</vatAmnt>
              <vatAmntTp>D</vatAmntTp>
            </vat>
          </trLine>
          <trLine>
            <nr>223.3.137</nr>
            <accID>4860</accID>
            <docRef></docRef>
            <effDate>2019-03-11</effDate>
            <desc>Vakliteratuur</desc>
            <amnt>4.5</amnt>
            <amntTp>D</amntTp>
            <custSupID></custSupID>
            <costID></costID>
            <prodID></prodID>
            <projID></projID>
            <vat>
              <vatID>LAAG_INK_9</vatID>
              <vatPerc>9</vatPerc>
              <vatAmnt>0.41</vatAmnt>
              <vatAmntTp>D</vatAmntTp>
            </vat>
          </trLine>
        </transaction>
        <transaction>
          <nr>224</nr>
          <desc>Zakenreis Londen met Trilobiet.</desc>
          <periodNumber>3</periodNumber>
          <trDt>2019-03-05</trDt>
          <sourceID></sourceID>
          <userID></userID>
          <trLine>
            <nr>224.1.138</nr>
            <accID>1010</accID>
            <docRef></docRef>
            <effDate>2019-03-05</effDate>
            <desc>Zakenreis Londen met Trilobiet.</desc>
            <amnt>296</amnt>
            <amntTp>C</amntTp>
            <custSupID></custSupID>
            <costID></costID>
            <prodID></prodID>
            <projID></projID>
            <vat>
              <vatID></vatID>
              <vatPerc>0</vatPerc>
              <vatAmnt>0</vatAmnt>
              <vatAmntTp>C</vatAmntTp>
            </vat>
          </trLine>
          <trLine>
            <nr>224.2.139</nr>
            <accID>1600</accID>
            <docRef></docRef>
            <effDate>2019-03-05</effDate>
            <desc>Zakenreis Londen met Trilobiet.</desc>
            <amnt>21</amnt>
            <amntTp>D</amntTp>
            <custSupID></custSupID>
            <costID></costID>
            <prodID></prodID>
            <projID></projID>
            <vat>
              <vatID></vatID>
              <vatPerc>0</vatPerc>
              <vatAmnt>0</vatAmnt>
              <vatAmntTp>D</vatAmntTp>
            </vat>
          </trLine>
          <trLine>
            <nr>224.3.140</nr>
            <accID>4530</accID>
            <docRef></docRef>
            <effDate>2019-03-05</effDate>
            <desc>Zakenreis Londen met Trilobiet.</desc>
            <amnt>175</amnt>
            <amntTp>D</amntTp>
            <custSupID></custSupID>
            <costID></costID>
            <prodID></prodID>
            <projID></projID>
            <vat>
              <vatID></vatID>
              <vatPerc>0</vatPerc>
              <vatAmnt>0</vatAmnt>
              <vatAmntTp>D</vatAmntTp>
            </vat>
          </trLine>
          <trLine>
            <nr>224.3.141</nr>
            <accID>4530</accID>
            <docRef></docRef>
            <effDate>2019-03-05</effDate>
            <desc>Zakenreis Londen met Trilobiet.</desc>
            <amnt>100</amnt>
            <amntTp>D</amntTp>
            <custSupID></custSupID>
            <costID></costID>
            <prodID></prodID>
            <projID></projID>
            <vat>
              <vatID>HOOG_INK_21</vatID>
              <vatPerc>21</vatPerc>
              <vatAmnt>21.00</vatAmnt>
              <vatAmntTp>D</vatAmntTp>
            </vat>
          </trLine>
        </transaction>
        <transaction>
          <nr>225</nr>
          <desc>Coolblue.
Factuur 126609203</desc>
          <periodNumber>3</periodNumber>
          <trDt>2019-03-04</trDt>
          <sourceID></sourceID>
          <userID></userID>
          <trLine>
            <nr>225.1.142</nr>
            <accID>1010</accID>
            <docRef></docRef>
            <effDate>2019-03-04</effDate>
            <desc>Coolblue.
Factuur 126609203</desc>
            <amnt>49.99</amnt>
            <amntTp>C</amntTp>
            <custSupID></custSupID>
            <costID></costID>
            <prodID></prodID>
            <projID></projID>
            <vat>
              <vatID></vatID>
              <vatPerc>0</vatPerc>
              <vatAmnt>0</vatAmnt>
              <vatAmntTp>C</vatAmntTp>
            </vat>
          </trLine>
          <trLine>
            <nr>225.2.143</nr>
            <accID>1600</accID>
            <docRef></docRef>
            <effDate>2019-03-04</effDate>
            <desc>Coolblue.
Factuur 126609203</desc>
            <amnt>8.68</amnt>
            <amntTp>D</amntTp>
            <custSupID></custSupID>
            <costID></costID>
            <prodID></prodID>
            <projID></projID>
            <vat>
              <vatID></vatID>
              <vatPerc>0</vatPerc>
              <vatAmnt>0</vatAmnt>
              <vatAmntTp>D</vatAmntTp>
            </vat>
          </trLine>
          <trLine>
            <nr>225.3.144</nr>
            <accID>4700</accID>
            <docRef></docRef>
            <effDate>2019-03-04</effDate>
            <desc>Coolblue.
Factuur 126609203</desc>
            <amnt>41.31</amnt>
            <amntTp>D</amntTp>
            <custSupID></custSupID>
            <costID></costID>
            <prodID></prodID>
            <projID></projID>
            <vat>
              <vatID>HOOG_INK_21</vatID>
              <vatPerc>21</vatPerc>
              <vatAmnt>8.68</vatAmnt>
              <vatAmntTp>D</vatAmntTp>
            </vat>
          </trLine>
        </transaction>
        <transaction>
          <nr>226</nr>
          <desc>Coolblue</desc>
          <periodNumber>2</periodNumber>
          <trDt>2019-02-13</trDt>
          <sourceID></sourceID>
          <userID></userID>
          <trLine>
            <nr>226.1.145</nr>
            <accID>1010</accID>
            <docRef></docRef>
            <effDate>2019-02-13</effDate>
            <desc>Coolblue</desc>
            <amnt>109</amnt>
            <amntTp>C</amntTp>
            <custSupID></custSupID>
            <costID></costID>
            <prodID></prodID>
            <projID></projID>
            <vat>
              <vatID></vatID>
              <vatPerc>0</vatPerc>
              <vatAmnt>0</vatAmnt>
              <vatAmntTp>C</vatAmntTp>
            </vat>
          </trLine>
          <trLine>
            <nr>226.2.146</nr>
            <accID>1600</accID>
            <docRef></docRef>
            <effDate>2019-02-13</effDate>
            <desc>Coolblue</desc>
            <amnt>18.92</amnt>
            <amntTp>D</amntTp>
            <custSupID></custSupID>
            <costID></costID>
            <prodID></prodID>
            <projID></projID>
            <vat>
              <vatID></vatID>
              <vatPerc>0</vatPerc>
              <vatAmnt>0</vatAmnt>
              <vatAmntTp>D</vatAmntTp>
            </vat>
          </trLine>
          <trLine>
            <nr>226.3.147</nr>
            <accID>4700</accID>
            <docRef></docRef>
            <effDate>2019-02-13</effDate>
            <desc>Coolblue</desc>
            <amnt>90.08</amnt>
            <amntTp>D</amntTp>
            <custSupID></custSupID>
            <costID></costID>
            <prodID></prodID>
            <projID></projID>
            <vat>
              <vatID>HOOG_INK_21</vatID>
              <vatPerc>21</vatPerc>
              <vatAmnt>18.92</vatAmnt>
              <vatAmntTp>D</vatAmntTp>
            </vat>
          </trLine>
        </transaction>
        <transaction>
          <nr>227</nr>
          <desc>Vakliteratuur</desc>
          <periodNumber>2</periodNumber>
          <trDt>2019-02-11</trDt>
          <sourceID></sourceID>
          <userID></userID>
          <trLine>
            <nr>227.1.148</nr>
            <accID>1010</accID>
            <docRef></docRef>
            <effDate>2019-02-11</effDate>
            <desc>Vakliteratuur</desc>
            <amnt>19.35</amnt>
            <amntTp>C</amntTp>
            <custSupID></custSupID>
            <costID></costID>
            <prodID></prodID>
            <projID></projID>
            <vat>
              <vatID></vatID>
              <vatPerc>0</vatPerc>
              <vatAmnt>0</vatAmnt>
              <vatAmntTp>C</vatAmntTp>
            </vat>
          </trLine>
          <trLine>
            <nr>227.2.149</nr>
            <accID>1600</accID>
            <docRef></docRef>
            <effDate>2019-02-11</effDate>
            <desc>Vakliteratuur</desc>
            <amnt>1.6</amnt>
            <amntTp>D</amntTp>
            <custSupID></custSupID>
            <costID></costID>
            <prodID></prodID>
            <projID></projID>
            <vat>
              <vatID></vatID>
              <vatPerc>0</vatPerc>
              <vatAmnt>0</vatAmnt>
              <vatAmntTp>D</vatAmntTp>
            </vat>
          </trLine>
          <trLine>
            <nr>227.3.150</nr>
            <accID>4860</accID>
            <docRef></docRef>
            <effDate>2019-02-11</effDate>
            <desc>Vakliteratuur</desc>
            <amnt>17.75</amnt>
            <amntTp>D</amntTp>
            <custSupID></custSupID>
            <costID></costID>
            <prodID></prodID>
            <projID></projID>
            <vat>
              <vatID>LAAG_INK_9</vatID>
              <vatPerc>9</vatPerc>
              <vatAmnt>1.60</vatAmnt>
              <vatAmntTp>D</vatAmntTp>
            </vat>
          </trLine>
        </transaction>
        <transaction>
          <nr>239</nr>
          <desc>BTW aangifte Q1 2019</desc>
          <periodNumber>4</periodNumber>
          <trDt>2019-04-26</trDt>
          <sourceID></sourceID>
          <userID></userID>
          <trLine>
            <nr>239.1.151</nr>
            <accID>1010</accID>
            <docRef></docRef>
            <effDate>2019-04-26</effDate>
            <desc>BTW aangifte Q1 2019</desc>
            <amnt>6698</amnt>
            <amntTp>C</amntTp>
            <custSupID></custSupID>
            <costID></costID>
            <prodID></prodID>
            <projID></projID>
            <vat>
              <vatID></vatID>
              <vatPerc>0</vatPerc>
              <vatAmnt>0</vatAmnt>
              <vatAmntTp>C</vatAmntTp>
            </vat>
          </trLine>
          <trLine>
            <nr>239.3.152</nr>
            <accID>1650</accID>
            <docRef></docRef>
            <effDate>2019-04-26</effDate>
            <desc>BTW aangifte Q1 2019</desc>
            <amnt>6698</amnt>
            <amntTp>D</amntTp>
            <custSupID></custSupID>
            <costID></costID>
            <prodID></prodID>
            <projID></projID>
            <vat>
              <vatID></vatID>
              <vatPerc>0</vatPerc>
              <vatAmnt>0</vatAmnt>
              <vatAmntTp>D</vatAmntTp>
            </vat>
          </trLine>
        </transaction>
        <transaction>
          <nr>242</nr>
          <desc>KNAB pakketkosten 05-2019</desc>
          <periodNumber>5</periodNumber>
          <trDt>2019-05-01</trDt>
          <sourceID></sourceID>
          <userID></userID>
          <trLine>
            <nr>242.1.153</nr>
            <accID>1010</accID>
            <docRef></docRef>
            <effDate>2019-05-01</effDate>
            <desc>KNAB pakketkosten 05-2019</desc>
            <amnt>5</amnt>
            <amntTp>C</amntTp>
            <custSupID></custSupID>
            <costID></costID>
            <prodID></prodID>
            <projID></projID>
            <vat>
              <vatID></vatID>
              <vatPerc>0</vatPerc>
              <vatAmnt>0</vatAmnt>
              <vatAmntTp>C</vatAmntTp>
            </vat>
          </trLine>
          <trLine>
            <nr>242.3.154</nr>
            <accID>4550</accID>
            <docRef></docRef>
            <effDate>2019-05-01</effDate>
            <desc>KNAB pakketkosten 05-2019</desc>
            <amnt>5</amnt>
            <amntTp>D</amntTp>
            <custSupID></custSupID>
            <costID></costID>
            <prodID></prodID>
            <projID></projID>
            <vat>
              <vatID></vatID>
              <vatPerc>0</vatPerc>
              <vatAmnt>0</vatAmnt>
              <vatAmntTp>D</vatAmntTp>
            </vat>
          </trLine>
        </transaction>
        <transaction>
          <nr>243</nr>
          <desc>kantoorspullen - schriften</desc>
          <periodNumber>5</periodNumber>
          <trDt>2019-05-06</trDt>
          <sourceID></sourceID>
          <userID></userID>
          <trLine>
            <nr>243.1.155</nr>
            <accID>1010</accID>
            <docRef></docRef>
            <effDate>2019-05-06</effDate>
            <desc>kantoorspullen - schriften</desc>
            <amnt>14.15</amnt>
            <amntTp>C</amntTp>
            <custSupID></custSupID>
            <costID></costID>
            <prodID></prodID>
            <projID></projID>
            <vat>
              <vatID></vatID>
              <vatPerc>0</vatPerc>
              <vatAmnt>0</vatAmnt>
              <vatAmntTp>C</vatAmntTp>
            </vat>
          </trLine>
          <trLine>
            <nr>243.2.156</nr>
            <accID>1600</accID>
            <docRef></docRef>
            <effDate>2019-05-06</effDate>
            <desc>kantoorspullen - schriften</desc>
            <amnt>2.46</amnt>
            <amntTp>D</amntTp>
            <custSupID></custSupID>
            <costID></costID>
            <prodID></prodID>
            <projID></projID>
            <vat>
              <vatID></vatID>
              <vatPerc>0</vatPerc>
              <vatAmnt>0</vatAmnt>
              <vatAmntTp>D</vatAmntTp>
            </vat>
          </trLine>
          <trLine>
            <nr>243.3.157</nr>
            <accID>4700</accID>
            <docRef></docRef>
            <effDate>2019-05-06</effDate>
            <desc>kantoorspullen - schriften</desc>
            <amnt>11.69</amnt>
            <amntTp>D</amntTp>
            <custSupID></custSupID>
            <costID></costID>
            <prodID></prodID>
            <projID></projID>
            <vat>
              <vatID>HOOG_INK_21</vatID>
              <vatPerc>21</vatPerc>
              <vatAmnt>2.46</vatAmnt>
              <vatAmntTp>D</vatAmntTp>
            </vat>
          </trLine>
        </transaction>
        <transaction>
          <nr>244</nr>
          <desc>verteer tijdens werk in zzp-werkplek</desc>
          <periodNumber>5</periodNumber>
          <trDt>2019-05-27</trDt>
          <sourceID></sourceID>
          <userID></userID>
          <trLine>
            <nr>244.1.158</nr>
            <accID>1010</accID>
            <docRef></docRef>
            <effDate>2019-05-27</effDate>
            <desc>verteer tijdens werk in zzp-werkplek</desc>
            <amnt>25.8</amnt>
            <amntTp>C</amntTp>
            <custSupID></custSupID>
            <costID></costID>
            <prodID></prodID>
            <projID></projID>
            <vat>
              <vatID></vatID>
              <vatPerc>0</vatPerc>
              <vatAmnt>0</vatAmnt>
              <vatAmntTp>C</vatAmntTp>
            </vat>
          </trLine>
          <trLine>
            <nr>244.2.159</nr>
            <accID>1600</accID>
            <docRef></docRef>
            <effDate>2019-05-27</effDate>
            <desc>verteer tijdens werk in zzp-werkplek</desc>
            <amnt>2.13</amnt>
            <amntTp>D</amntTp>
            <custSupID></custSupID>
            <costID></costID>
            <prodID></prodID>
            <projID></projID>
            <vat>
              <vatID></vatID>
              <vatPerc>0</vatPerc>
              <vatAmnt>0</vatAmnt>
              <vatAmntTp>D</vatAmntTp>
            </vat>
          </trLine>
          <trLine>
            <nr>244.3.160</nr>
            <accID>4520</accID>
            <docRef></docRef>
            <effDate>2019-05-27</effDate>
            <desc>verteer tijdens werk in zzp-werkplek</desc>
            <amnt>23.67</amnt>
            <amntTp>D</amntTp>
            <custSupID></custSupID>
            <costID></costID>
            <prodID></prodID>
            <projID></projID>
            <vat>
              <vatID>LAAG_INK_9</vatID>
              <vatPerc>9</vatPerc>
              <vatAmnt>2.13</vatAmnt>
              <vatAmntTp>D</vatAmntTp>
            </vat>
          </trLine>
        </transaction>
        <transaction>
          <nr>245</nr>
          <desc>Betaling Tele2 .23 [factuur 1905]</desc>
          <periodNumber>5</periodNumber>
          <trDt>2019-05-14</trDt>
          <sourceID></sourceID>
          <userID></userID>
          <trLine>
            <nr>245.1.161</nr>
            <accID>1010</accID>
            <docRef>246864246.24</docRef>
            <effDate>2019-05-14</effDate>
            <desc>Betaling Tele2 .23 [factuur 1905]</desc>
            <amnt>9292.8</amnt>
            <amntTp>D</amntTp>
            <custSupID>HARVEY N</custSupID>
            <costID></costID>
            <prodID></prodID>
            <projID></projID>
            <vat>
              <vatID></vatID>
              <vatPerc>0</vatPerc>
              <vatAmnt>0</vatAmnt>
              <vatAmntTp>D</vatAmntTp>
            </vat>
          </trLine>
          <trLine>
            <nr>245.3.162</nr>
            <accID>1300</accID>
            <docRef>246864246.24</docRef>
            <effDate>2019-05-14</effDate>
            <desc>Betaling Tele2 .23 [factuur 1905]</desc>
            <amnt>9292.8</amnt>
            <amntTp>C</amntTp>
            <custSupID>HARVEY N</custSupID>
            <costID></costID>
            <prodID></prodID>
            <projID></projID>
            <vat>
              <vatID></vatID>
              <vatPerc>0</vatPerc>
              <vatAmnt>0</vatAmnt>
              <vatAmntTp>C</vatAmntTp>
            </vat>
          </trLine>
        </transaction>
        <transaction>
          <nr>246</nr>
          <desc>Levensonderhoud 05-2019</desc>
          <periodNumber>5</periodNumber>
          <trDt>2019-05-30</trDt>
          <sourceID></sourceID>
          <userID></userID>
          <trLine>
            <nr>246.1.163</nr>
            <accID>1010</accID>
            <docRef></docRef>
            <effDate>2019-05-30</effDate>
            <desc>Levensonderhoud 05-2019</desc>
            <amnt>12300</amnt>
            <amntTp>C</amntTp>
            <custSupID></custSupID>
            <costID></costID>
            <prodID></prodID>
            <projID></projID>
            <vat>
              <vatID></vatID>
              <vatPerc>0</vatPerc>
              <vatAmnt>0</vatAmnt>
              <vatAmntTp>C</vatAmntTp>
            </vat>
          </trLine>
          <trLine>
            <nr>246.3.164</nr>
            <accID>1410</accID>
            <docRef></docRef>
            <effDate>2019-05-30</effDate>
            <desc>Levensonderhoud 05-2019</desc>
            <amnt>12300</amnt>
            <amntTp>D</amntTp>
            <custSupID></custSupID>
            <costID></costID>
            <prodID></prodID>
            <projID></projID>
            <vat>
              <vatID></vatID>
              <vatPerc>0</vatPerc>
              <vatAmnt>0</vatAmnt>
              <vatAmntTp>D</vatAmntTp>
            </vat>
          </trLine>
        </transaction>
        <transaction>
          <nr>249</nr>
          <desc>papier printer</desc>
          <periodNumber>5</periodNumber>
          <trDt>2019-05-20</trDt>
          <sourceID></sourceID>
          <userID></userID>
          <trLine>
            <nr>249.1.165</nr>
            <accID>1010</accID>
            <docRef></docRef>
            <effDate>2019-05-20</effDate>
            <desc>papier printer</desc>
            <amnt>10.2</amnt>
            <amntTp>C</amntTp>
            <custSupID></custSupID>
            <costID></costID>
            <prodID></prodID>
            <projID></projID>
            <vat>
              <vatID></vatID>
              <vatPerc>0</vatPerc>
              <vatAmnt>0</vatAmnt>
              <vatAmntTp>C</vatAmntTp>
            </vat>
          </trLine>
          <trLine>
            <nr>249.2.166</nr>
            <accID>1600</accID>
            <docRef></docRef>
            <effDate>2019-05-20</effDate>
            <desc>papier printer</desc>
            <amnt>1.77</amnt>
            <amntTp>D</amntTp>
            <custSupID></custSupID>
            <costID></costID>
            <prodID></prodID>
            <projID></projID>
            <vat>
              <vatID></vatID>
              <vatPerc>0</vatPerc>
              <vatAmnt>0</vatAmnt>
              <vatAmntTp>D</vatAmntTp>
            </vat>
          </trLine>
          <trLine>
            <nr>249.3.167</nr>
            <accID>4700</accID>
            <docRef></docRef>
            <effDate>2019-05-20</effDate>
            <desc>papier printer</desc>
            <amnt>8.43</amnt>
            <amntTp>D</amntTp>
            <custSupID></custSupID>
            <costID></costID>
            <prodID></prodID>
            <projID></projID>
            <vat>
              <vatID>HOOG_INK_21</vatID>
              <vatPerc>21</vatPerc>
              <vatAmnt>1.77</vatAmnt>
              <vatAmntTp>D</vatAmntTp>
            </vat>
          </trLine>
        </transaction>
        <transaction>
          <nr>250</nr>
          <desc>Factuur eboekhouden</desc>
          <periodNumber>5</periodNumber>
          <trDt>2019-05-14</trDt>
          <sourceID></sourceID>
          <userID></userID>
          <trLine>
            <nr>250.1.168</nr>
            <accID>1010</accID>
            <docRef></docRef>
            <effDate>2019-05-14</effDate>
            <desc>Factuur eboekhouden</desc>
            <amnt>16.82</amnt>
            <amntTp>C</amntTp>
            <custSupID></custSupID>
            <costID></costID>
            <prodID></prodID>
            <projID></projID>
            <vat>
              <vatID></vatID>
              <vatPerc>0</vatPerc>
              <vatAmnt>0</vatAmnt>
              <vatAmntTp>C</vatAmntTp>
            </vat>
          </trLine>
          <trLine>
            <nr>250.2.169</nr>
            <accID>1600</accID>
            <docRef></docRef>
            <effDate>2019-05-14</effDate>
            <desc>Factuur eboekhouden</desc>
            <amnt>2.92</amnt>
            <amntTp>D</amntTp>
            <custSupID></custSupID>
            <costID></costID>
            <prodID></prodID>
            <projID></projID>
            <vat>
              <vatID></vatID>
              <vatPerc>0</vatPerc>
              <vatAmnt>0</vatAmnt>
              <vatAmntTp>D</vatAmntTp>
            </vat>
          </trLine>
          <trLine>
            <nr>250.3.170</nr>
            <accID>4560</accID>
            <docRef></docRef>
            <effDate>2019-05-14</effDate>
            <desc>Factuur eboekhouden</desc>
            <amnt>13.9</amnt>
            <amntTp>D</amntTp>
            <custSupID></custSupID>
            <costID></costID>
            <prodID></prodID>
            <projID></projID>
            <vat>
              <vatID>HOOG_INK_21</vatID>
              <vatPerc>21</vatPerc>
              <vatAmnt>2.92</vatAmnt>
              <vatAmntTp>D</vatAmntTp>
            </vat>
          </trLine>
        </transaction>
        <transaction>
          <nr>253</nr>
          <desc>Betaling 1906</desc>
          <periodNumber>6</periodNumber>
          <trDt>2019-06-18</trDt>
          <sourceID></sourceID>
          <userID></userID>
          <trLine>
            <nr>253.1.171</nr>
            <accID>1010</accID>
            <docRef>246864246.25</docRef>
            <effDate>2019-06-18</effDate>
            <desc>Betaling 1906</desc>
            <amnt>3872</amnt>
            <amntTp>D</amntTp>
            <custSupID>HARVEY N</custSupID>
            <costID></costID>
            <prodID></prodID>
            <projID></projID>
            <vat>
              <vatID></vatID>
              <vatPerc>0</vatPerc>
              <vatAmnt>0</vatAmnt>
              <vatAmntTp>D</vatAmntTp>
            </vat>
          </trLine>
          <trLine>
            <nr>253.3.172</nr>
            <accID>1300</accID>
            <docRef>246864246.25</docRef>
            <effDate>2019-06-18</effDate>
            <desc>Betaling 1906</desc>
            <amnt>3872</amnt>
            <amntTp>C</amntTp>
            <custSupID>HARVEY N</custSupID>
            <costID></costID>
            <prodID></prodID>
            <projID></projID>
            <vat>
              <vatID></vatID>
              <vatPerc>0</vatPerc>
              <vatAmnt>0</vatAmnt>
              <vatAmntTp>C</vatAmntTp>
            </vat>
          </trLine>
        </transaction>
        <transaction>
          <nr>254</nr>
          <desc>Betaling 1907</desc>
          <periodNumber>6</periodNumber>
          <trDt>2019-06-18</trDt>
          <sourceID></sourceID>
          <userID></userID>
          <trLine>
            <nr>254.1.173</nr>
            <accID>1010</accID>
            <docRef>246864246.26</docRef>
            <effDate>2019-06-18</effDate>
            <desc>Betaling 1907</desc>
            <amnt>13552</amnt>
            <amntTp>D</amntTp>
            <custSupID>HARVEY N</custSupID>
            <costID></costID>
            <prodID></prodID>
            <projID></projID>
            <vat>
              <vatID></vatID>
              <vatPerc>0</vatPerc>
              <vatAmnt>0</vatAmnt>
              <vatAmntTp>D</vatAmntTp>
            </vat>
          </trLine>
          <trLine>
            <nr>254.3.174</nr>
            <accID>1300</accID>
            <docRef>246864246.26</docRef>
            <effDate>2019-06-18</effDate>
            <desc>Betaling 1907</desc>
            <amnt>13552</amnt>
            <amntTp>C</amntTp>
            <custSupID>HARVEY N</custSupID>
            <costID></costID>
            <prodID></prodID>
            <projID></projID>
            <vat>
              <vatID></vatID>
              <vatPerc>0</vatPerc>
              <vatAmnt>0</vatAmnt>
              <vatAmntTp>C</vatAmntTp>
            </vat>
          </trLine>
        </transaction>
        <transaction>
          <nr>255</nr>
          <desc>Betaling 1908</desc>
          <periodNumber>7</periodNumber>
          <trDt>2019-07-16</trDt>
          <sourceID></sourceID>
          <userID></userID>
          <trLine>
            <nr>255.1.175</nr>
            <accID>1010</accID>
            <docRef>246864246.27</docRef>
            <effDate>2019-07-16</effDate>
            <desc>Betaling 1908</desc>
            <amnt>6969.6</amnt>
            <amntTp>D</amntTp>
            <custSupID>HARVEY N</custSupID>
            <costID></costID>
            <prodID></prodID>
            <projID></projID>
            <vat>
              <vatID></vatID>
              <vatPerc>0</vatPerc>
              <vatAmnt>0</vatAmnt>
              <vatAmntTp>D</vatAmntTp>
            </vat>
          </trLine>
          <trLine>
            <nr>255.3.176</nr>
            <accID>1300</accID>
            <docRef>246864246.27</docRef>
            <effDate>2019-07-16</effDate>
            <desc>Betaling 1908</desc>
            <amnt>6969.6</amnt>
            <amntTp>C</amntTp>
            <custSupID>HARVEY N</custSupID>
            <costID></costID>
            <prodID></prodID>
            <projID></projID>
            <vat>
              <vatID></vatID>
              <vatPerc>0</vatPerc>
              <vatAmnt>0</vatAmnt>
              <vatAmntTp>C</vatAmntTp>
            </vat>
          </trLine>
        </transaction>
        <transaction>
          <nr>261</nr>
          <desc>Betaling scooter</desc>
          <periodNumber>5</periodNumber>
          <trDt>2019-05-31</trDt>
          <sourceID></sourceID>
          <userID></userID>
          <trLine>
            <nr>261.1.177</nr>
            <accID>1010</accID>
            <docRef>2022473</docRef>
            <effDate>2019-05-31</effDate>
            <desc>Betaling scooter</desc>
            <amnt>2100</amnt>
            <amntTp>C</amntTp>
            <custSupID>SCOOTERC</custSupID>
            <costID></costID>
            <prodID></prodID>
            <projID></projID>
            <vat>
              <vatID></vatID>
              <vatPerc>0</vatPerc>
              <vatAmnt>0</vatAmnt>
              <vatAmntTp>C</vatAmntTp>
            </vat>
          </trLine>
          <trLine>
            <nr>261.3.178</nr>
            <accID>1700</accID>
            <docRef>2022473</docRef>
            <effDate>2019-05-31</effDate>
            <desc>Betaling scooter</desc>
            <amnt>2100</amnt>
            <amntTp>D</amntTp>
            <custSupID>SCOOTERC</custSupID>
            <costID></costID>
            <prodID></prodID>
            <projID></projID>
            <vat>
              <vatID></vatID>
              <vatPerc>0</vatPerc>
              <vatAmnt>0</vatAmnt>
              <vatAmntTp>D</vatAmntTp>
            </vat>
          </trLine>
        </transaction>
        <transaction>
          <nr>263</nr>
          <desc>Betaling de brug, aangifte 2018</desc>
          <periodNumber>5</periodNumber>
          <trDt>2019-05-29</trDt>
          <sourceID></sourceID>
          <userID></userID>
          <trLine>
            <nr>263.1.179</nr>
            <accID>1010</accID>
            <docRef>7204</docRef>
            <effDate>2019-05-29</effDate>
            <desc>Betaling de brug, aangifte 2018</desc>
            <amnt>302.5</amnt>
            <amntTp>C</amntTp>
            <custSupID>DEBRUGCV</custSupID>
            <costID></costID>
            <prodID></prodID>
            <projID></projID>
            <vat>
              <vatID></vatID>
              <vatPerc>0</vatPerc>
              <vatAmnt>0</vatAmnt>
              <vatAmntTp>C</vatAmntTp>
            </vat>
          </trLine>
          <trLine>
            <nr>263.3.180</nr>
            <accID>1700</accID>
            <docRef>7204</docRef>
            <effDate>2019-05-29</effDate>
            <desc>Betaling de brug, aangifte 2018</desc>
            <amnt>302.5</amnt>
            <amntTp>D</amntTp>
            <custSupID>DEBRUGCV</custSupID>
            <costID></costID>
            <prodID></prodID>
            <projID></projID>
            <vat>
              <vatID></vatID>
              <vatPerc>0</vatPerc>
              <vatAmnt>0</vatAmnt>
              <vatAmntTp>D</vatAmntTp>
            </vat>
          </trLine>
        </transaction>
        <transaction>
          <nr>264</nr>
          <desc>verteer</desc>
          <periodNumber>6</periodNumber>
          <trDt>2019-06-11</trDt>
          <sourceID></sourceID>
          <userID></userID>
          <trLine>
            <nr>264.1.181</nr>
            <accID>1010</accID>
            <docRef></docRef>
            <effDate>2019-06-11</effDate>
            <desc>verteer</desc>
            <amnt>63.65</amnt>
            <amntTp>C</amntTp>
            <custSupID></custSupID>
            <costID></costID>
            <prodID></prodID>
            <projID></projID>
            <vat>
              <vatID></vatID>
              <vatPerc>0</vatPerc>
              <vatAmnt>0</vatAmnt>
              <vatAmntTp>C</vatAmntTp>
            </vat>
          </trLine>
          <trLine>
            <nr>264.2.182</nr>
            <accID>1600</accID>
            <docRef></docRef>
            <effDate>2019-06-11</effDate>
            <desc>verteer</desc>
            <amnt>3.6</amnt>
            <amntTp>D</amntTp>
            <custSupID></custSupID>
            <costID></costID>
            <prodID></prodID>
            <projID></projID>
            <vat>
              <vatID></vatID>
              <vatPerc>0</vatPerc>
              <vatAmnt>0</vatAmnt>
              <vatAmntTp>D</vatAmntTp>
            </vat>
          </trLine>
          <trLine>
            <nr>264.3.183</nr>
            <accID>4520</accID>
            <docRef></docRef>
            <effDate>2019-06-11</effDate>
            <desc>verteer</desc>
            <amnt>60.05</amnt>
            <amntTp>D</amntTp>
            <custSupID></custSupID>
            <costID></costID>
            <prodID></prodID>
            <projID></projID>
            <vat>
              <vatID>LAAG_INK</vatID>
              <vatPerc>6</vatPerc>
              <vatAmnt>3.60</vatAmnt>
              <vatAmntTp>D</vatAmntTp>
            </vat>
          </trLine>
        </transaction>
        <transaction>
          <nr>265</nr>
          <desc>levensonderhoud 06-2019</desc>
          <periodNumber>6</periodNumber>
          <trDt>2019-06-28</trDt>
          <sourceID></sourceID>
          <userID></userID>
          <trLine>
            <nr>265.1.184</nr>
            <accID>1010</accID>
            <docRef></docRef>
            <effDate>2019-06-28</effDate>
            <desc>levensonderhoud 06-2019</desc>
            <amnt>2000</amnt>
            <amntTp>C</amntTp>
            <custSupID></custSupID>
            <costID></costID>
            <prodID></prodID>
            <projID></projID>
            <vat>
              <vatID></vatID>
              <vatPerc>0</vatPerc>
              <vatAmnt>0</vatAmnt>
              <vatAmntTp>C</vatAmntTp>
            </vat>
          </trLine>
          <trLine>
            <nr>265.3.185</nr>
            <accID>1410</accID>
            <docRef></docRef>
            <effDate>2019-06-28</effDate>
            <desc>levensonderhoud 06-2019</desc>
            <amnt>2000</amnt>
            <amntTp>D</amntTp>
            <custSupID></custSupID>
            <costID></costID>
            <prodID></prodID>
            <projID></projID>
            <vat>
              <vatID></vatID>
              <vatPerc>0</vatPerc>
              <vatAmnt>0</vatAmnt>
              <vatAmntTp>D</vatAmntTp>
            </vat>
          </trLine>
        </transaction>
        <transaction>
          <nr>266</nr>
          <desc>levensonderhoud 07-2019</desc>
          <periodNumber>7</periodNumber>
          <trDt>2019-07-08</trDt>
          <sourceID></sourceID>
          <userID></userID>
          <trLine>
            <nr>266.1.186</nr>
            <accID>1010</accID>
            <docRef></docRef>
            <effDate>2019-07-08</effDate>
            <desc>levensonderhoud 07-2019</desc>
            <amnt>1000</amnt>
            <amntTp>C</amntTp>
            <custSupID></custSupID>
            <costID></costID>
            <prodID></prodID>
            <projID></projID>
            <vat>
              <vatID></vatID>
              <vatPerc>0</vatPerc>
              <vatAmnt>0</vatAmnt>
              <vatAmntTp>C</vatAmntTp>
            </vat>
          </trLine>
          <trLine>
            <nr>266.3.187</nr>
            <accID>1410</accID>
            <docRef></docRef>
            <effDate>2019-07-08</effDate>
            <desc>levensonderhoud 07-2019</desc>
            <amnt>1000</amnt>
            <amntTp>D</amntTp>
            <custSupID></custSupID>
            <costID></costID>
            <prodID></prodID>
            <projID></projID>
            <vat>
              <vatID></vatID>
              <vatPerc>0</vatPerc>
              <vatAmnt>0</vatAmnt>
              <vatAmntTp>D</vatAmntTp>
            </vat>
          </trLine>
        </transaction>
        <transaction>
          <nr>267</nr>
          <desc>verteer 087-2019</desc>
          <periodNumber>7</periodNumber>
          <trDt>2019-07-08</trDt>
          <sourceID></sourceID>
          <userID></userID>
          <trLine>
            <nr>267.1.188</nr>
            <accID>1010</accID>
            <docRef></docRef>
            <effDate>2019-07-08</effDate>
            <desc>verteer 087-2019</desc>
            <amnt>152</amnt>
            <amntTp>C</amntTp>
            <custSupID></custSupID>
            <costID></costID>
            <prodID></prodID>
            <projID></projID>
            <vat>
              <vatID></vatID>
              <vatPerc>0</vatPerc>
              <vatAmnt>0</vatAmnt>
              <vatAmntTp>C</vatAmntTp>
            </vat>
          </trLine>
          <trLine>
            <nr>267.2.189</nr>
            <accID>1600</accID>
            <docRef></docRef>
            <effDate>2019-07-08</effDate>
            <desc>verteer 087-2019</desc>
            <amnt>8.6</amnt>
            <amntTp>D</amntTp>
            <custSupID></custSupID>
            <costID></costID>
            <prodID></prodID>
            <projID></projID>
            <vat>
              <vatID></vatID>
              <vatPerc>0</vatPerc>
              <vatAmnt>0</vatAmnt>
              <vatAmntTp>D</vatAmntTp>
            </vat>
          </trLine>
          <trLine>
            <nr>267.3.190</nr>
            <accID>4520</accID>
            <docRef></docRef>
            <effDate>2019-07-08</effDate>
            <desc>verteer 087-2019</desc>
            <amnt>143.4</amnt>
            <amntTp>D</amntTp>
            <custSupID></custSupID>
            <costID></costID>
            <prodID></prodID>
            <projID></projID>
            <vat>
              <vatID>LAAG_INK</vatID>
              <vatPerc>6</vatPerc>
              <vatAmnt>8.60</vatAmnt>
              <vatAmntTp>D</vatAmntTp>
            </vat>
          </trLine>
        </transaction>
        <transaction>
          <nr>268</nr>
          <desc>bitdefener, 1 jaar</desc>
          <periodNumber>6</periodNumber>
          <trDt>2019-06-03</trDt>
          <sourceID></sourceID>
          <userID></userID>
          <trLine>
            <nr>268.1.191</nr>
            <accID>1010</accID>
            <docRef></docRef>
            <effDate>2019-06-03</effDate>
            <desc>bitdefener, 1 jaar</desc>
            <amnt>30</amnt>
            <amntTp>C</amntTp>
            <custSupID></custSupID>
            <costID></costID>
            <prodID></prodID>
            <projID></projID>
            <vat>
              <vatID></vatID>
              <vatPerc>0</vatPerc>
              <vatAmnt>0</vatAmnt>
              <vatAmntTp>C</vatAmntTp>
            </vat>
          </trLine>
          <trLine>
            <nr>268.2.192</nr>
            <accID>1600</accID>
            <docRef></docRef>
            <effDate>2019-06-03</effDate>
            <desc>bitdefener, 1 jaar</desc>
            <amnt>5.21</amnt>
            <amntTp>D</amntTp>
            <custSupID></custSupID>
            <costID></costID>
            <prodID></prodID>
            <projID></projID>
            <vat>
              <vatID></vatID>
              <vatPerc>0</vatPerc>
              <vatAmnt>0</vatAmnt>
              <vatAmntTp>D</vatAmntTp>
            </vat>
          </trLine>
          <trLine>
            <nr>268.3.193</nr>
            <accID>4560</accID>
            <docRef></docRef>
            <effDate>2019-06-03</effDate>
            <desc>bitdefener, 1 jaar</desc>
            <amnt>24.79</amnt>
            <amntTp>D</amntTp>
            <custSupID></custSupID>
            <costID></costID>
            <prodID></prodID>
            <projID></projID>
            <vat>
              <vatID>HOOG_INK_21</vatID>
              <vatPerc>21</vatPerc>
              <vatAmnt>5.21</vatAmnt>
              <vatAmntTp>D</vatAmntTp>
            </vat>
          </trLine>
        </transaction>
        <transaction>
          <nr>269</nr>
          <desc>06-2019</desc>
          <periodNumber>6</periodNumber>
          <trDt>2019-06-03</trDt>
          <sourceID></sourceID>
          <userID></userID>
          <trLine>
            <nr>269.1.194</nr>
            <accID>1010</accID>
            <docRef></docRef>
            <effDate>2019-06-03</effDate>
            <desc>06-2019</desc>
            <amnt>5</amnt>
            <amntTp>C</amntTp>
            <custSupID></custSupID>
            <costID></costID>
            <prodID></prodID>
            <projID></projID>
            <vat>
              <vatID></vatID>
              <vatPerc>0</vatPerc>
              <vatAmnt>0</vatAmnt>
              <vatAmntTp>C</vatAmntTp>
            </vat>
          </trLine>
          <trLine>
            <nr>269.3.195</nr>
            <accID>4550</accID>
            <docRef></docRef>
            <effDate>2019-06-03</effDate>
            <desc>06-2019</desc>
            <amnt>5</amnt>
            <amntTp>D</amntTp>
            <custSupID></custSupID>
            <costID></costID>
            <prodID></prodID>
            <projID></projID>
            <vat>
              <vatID></vatID>
              <vatPerc>0</vatPerc>
              <vatAmnt>0</vatAmnt>
              <vatAmntTp>D</vatAmntTp>
            </vat>
          </trLine>
        </transaction>
        <transaction>
          <nr>270</nr>
          <desc>scooter verzekering</desc>
          <periodNumber>6</periodNumber>
          <trDt>2019-06-07</trDt>
          <sourceID></sourceID>
          <userID></userID>
          <trLine>
            <nr>270.1.196</nr>
            <accID>1010</accID>
            <docRef></docRef>
            <effDate>2019-06-07</effDate>
            <desc>scooter verzekering</desc>
            <amnt>36.73</amnt>
            <amntTp>C</amntTp>
            <custSupID></custSupID>
            <costID></costID>
            <prodID></prodID>
            <projID></projID>
            <vat>
              <vatID></vatID>
              <vatPerc>0</vatPerc>
              <vatAmnt>0</vatAmnt>
              <vatAmntTp>C</vatAmntTp>
            </vat>
          </trLine>
          <trLine>
            <nr>270.2.197</nr>
            <accID>1600</accID>
            <docRef></docRef>
            <effDate>2019-06-07</effDate>
            <desc>scooter verzekering</desc>
            <amnt>6.37</amnt>
            <amntTp>D</amntTp>
            <custSupID></custSupID>
            <costID></costID>
            <prodID></prodID>
            <projID></projID>
            <vat>
              <vatID></vatID>
              <vatPerc>0</vatPerc>
              <vatAmnt>0</vatAmnt>
              <vatAmntTp>D</vatAmntTp>
            </vat>
          </trLine>
          <trLine>
            <nr>270.3.198</nr>
            <accID>4570</accID>
            <docRef></docRef>
            <effDate>2019-06-07</effDate>
            <desc>scooter verzekering</desc>
            <amnt>30.36</amnt>
            <amntTp>D</amntTp>
            <custSupID></custSupID>
            <costID></costID>
            <prodID></prodID>
            <projID></projID>
            <vat>
              <vatID>HOOG_INK_21</vatID>
              <vatPerc>21</vatPerc>
              <vatAmnt>6.37</vatAmnt>
              <vatAmntTp>D</vatAmntTp>
            </vat>
          </trLine>
        </transaction>
        <transaction>
          <nr>271</nr>
          <desc>kantoorspullen media markt</desc>
          <periodNumber>6</periodNumber>
          <trDt>2019-06-18</trDt>
          <sourceID></sourceID>
          <userID></userID>
          <trLine>
            <nr>271.1.199</nr>
            <accID>1010</accID>
            <docRef></docRef>
            <effDate>2019-06-18</effDate>
            <desc>kantoorspullen media markt</desc>
            <amnt>24.99</amnt>
            <amntTp>C</amntTp>
            <custSupID></custSupID>
            <costID></costID>
            <prodID></prodID>
            <projID></projID>
            <vat>
              <vatID></vatID>
              <vatPerc>0</vatPerc>
              <vatAmnt>0</vatAmnt>
              <vatAmntTp>C</vatAmntTp>
            </vat>
          </trLine>
          <trLine>
            <nr>271.2.200</nr>
            <accID>1600</accID>
            <docRef></docRef>
            <effDate>2019-06-18</effDate>
            <desc>kantoorspullen media markt</desc>
            <amnt>4.34</amnt>
            <amntTp>D</amntTp>
            <custSupID></custSupID>
            <costID></costID>
            <prodID></prodID>
            <projID></projID>
            <vat>
              <vatID></vatID>
              <vatPerc>0</vatPerc>
              <vatAmnt>0</vatAmnt>
              <vatAmntTp>D</vatAmntTp>
            </vat>
          </trLine>
          <trLine>
            <nr>271.3.201</nr>
            <accID>4700</accID>
            <docRef></docRef>
            <effDate>2019-06-18</effDate>
            <desc>kantoorspullen media markt</desc>
            <amnt>20.65</amnt>
            <amntTp>D</amntTp>
            <custSupID></custSupID>
            <costID></costID>
            <prodID></prodID>
            <projID></projID>
            <vat>
              <vatID>HOOG_INK_21</vatID>
              <vatPerc>21</vatPerc>
              <vatAmnt>4.34</vatAmnt>
              <vatAmntTp>D</vatAmntTp>
            </vat>
          </trLine>
        </transaction>
        <transaction>
          <nr>272</nr>
          <desc>06-2019 eboekhouden</desc>
          <periodNumber>6</periodNumber>
          <trDt>2019-06-19</trDt>
          <sourceID></sourceID>
          <userID></userID>
          <trLine>
            <nr>272.1.202</nr>
            <accID>1010</accID>
            <docRef></docRef>
            <effDate>2019-06-19</effDate>
            <desc>06-2019 eboekhouden</desc>
            <amnt>16.82</amnt>
            <amntTp>C</amntTp>
            <custSupID></custSupID>
            <costID></costID>
            <prodID></prodID>
            <projID></projID>
            <vat>
              <vatID></vatID>
              <vatPerc>0</vatPerc>
              <vatAmnt>0</vatAmnt>
              <vatAmntTp>C</vatAmntTp>
            </vat>
          </trLine>
          <trLine>
            <nr>272.2.203</nr>
            <accID>1600</accID>
            <docRef></docRef>
            <effDate>2019-06-19</effDate>
            <desc>06-2019 eboekhouden</desc>
            <amnt>2.92</amnt>
            <amntTp>D</amntTp>
            <custSupID></custSupID>
            <costID></costID>
            <prodID></prodID>
            <projID></projID>
            <vat>
              <vatID></vatID>
              <vatPerc>0</vatPerc>
              <vatAmnt>0</vatAmnt>
              <vatAmntTp>D</vatAmntTp>
            </vat>
          </trLine>
          <trLine>
            <nr>272.3.204</nr>
            <accID>4560</accID>
            <docRef></docRef>
            <effDate>2019-06-19</effDate>
            <desc>06-2019 eboekhouden</desc>
            <amnt>13.9</amnt>
            <amntTp>D</amntTp>
            <custSupID></custSupID>
            <costID></costID>
            <prodID></prodID>
            <projID></projID>
            <vat>
              <vatID>HOOG_INK_21</vatID>
              <vatPerc>21</vatPerc>
              <vatAmnt>2.92</vatAmnt>
              <vatAmntTp>D</vatAmntTp>
            </vat>
          </trLine>
        </transaction>
        <transaction>
          <nr>273</nr>
          <desc>ako kantoorspullen</desc>
          <periodNumber>6</periodNumber>
          <trDt>2019-06-26</trDt>
          <sourceID></sourceID>
          <userID></userID>
          <trLine>
            <nr>273.1.205</nr>
            <accID>1010</accID>
            <docRef></docRef>
            <effDate>2019-06-26</effDate>
            <desc>ako kantoorspullen</desc>
            <amnt>5.49</amnt>
            <amntTp>C</amntTp>
            <custSupID></custSupID>
            <costID></costID>
            <prodID></prodID>
            <projID></projID>
            <vat>
              <vatID></vatID>
              <vatPerc>0</vatPerc>
              <vatAmnt>0</vatAmnt>
              <vatAmntTp>C</vatAmntTp>
            </vat>
          </trLine>
          <trLine>
            <nr>273.2.206</nr>
            <accID>1600</accID>
            <docRef></docRef>
            <effDate>2019-06-26</effDate>
            <desc>ako kantoorspullen</desc>
            <amnt>0.95</amnt>
            <amntTp>D</amntTp>
            <custSupID></custSupID>
            <costID></costID>
            <prodID></prodID>
            <projID></projID>
            <vat>
              <vatID></vatID>
              <vatPerc>0</vatPerc>
              <vatAmnt>0</vatAmnt>
              <vatAmntTp>D</vatAmntTp>
            </vat>
          </trLine>
          <trLine>
            <nr>273.3.207</nr>
            <accID>4700</accID>
            <docRef></docRef>
            <effDate>2019-06-26</effDate>
            <desc>ako kantoorspullen</desc>
            <amnt>4.54</amnt>
            <amntTp>D</amntTp>
            <custSupID></custSupID>
            <costID></costID>
            <prodID></prodID>
            <projID></projID>
            <vat>
              <vatID>HOOG_INK_21</vatID>
              <vatPerc>21</vatPerc>
              <vatAmnt>0.95</vatAmnt>
              <vatAmntTp>D</vatAmntTp>
            </vat>
          </trLine>
        </transaction>
        <transaction>
          <nr>274</nr>
          <desc>synology nas. Coolblue factuur: 295911603</desc>
          <periodNumber>7</periodNumber>
          <trDt>2019-07-01</trDt>
          <sourceID></sourceID>
          <userID></userID>
          <trLine>
            <nr>274.1.208</nr>
            <accID>1010</accID>
            <docRef></docRef>
            <effDate>2019-07-01</effDate>
            <desc>synology nas. Coolblue factuur: 295911603</desc>
            <amnt>309</amnt>
            <amntTp>C</amntTp>
            <custSupID></custSupID>
            <costID></costID>
            <prodID></prodID>
            <projID></projID>
            <vat>
              <vatID></vatID>
              <vatPerc>0</vatPerc>
              <vatAmnt>0</vatAmnt>
              <vatAmntTp>C</vatAmntTp>
            </vat>
          </trLine>
          <trLine>
            <nr>274.2.209</nr>
            <accID>1600</accID>
            <docRef></docRef>
            <effDate>2019-07-01</effDate>
            <desc>synology nas. Coolblue factuur: 295911603</desc>
            <amnt>53.63</amnt>
            <amntTp>D</amntTp>
            <custSupID></custSupID>
            <costID></costID>
            <prodID></prodID>
            <projID></projID>
            <vat>
              <vatID></vatID>
              <vatPerc>0</vatPerc>
              <vatAmnt>0</vatAmnt>
              <vatAmntTp>D</vatAmntTp>
            </vat>
          </trLine>
          <trLine>
            <nr>274.3.210</nr>
            <accID>4700</accID>
            <docRef></docRef>
            <effDate>2019-07-01</effDate>
            <desc>synology nas. Coolblue factuur: 295911603</desc>
            <amnt>255.37</amnt>
            <amntTp>D</amntTp>
            <custSupID></custSupID>
            <costID></costID>
            <prodID></prodID>
            <projID></projID>
            <vat>
              <vatID>HOOG_INK_21</vatID>
              <vatPerc>21</vatPerc>
              <vatAmnt>53.63</vatAmnt>
              <vatAmntTp>D</vatAmntTp>
            </vat>
          </trLine>
        </transaction>
        <transaction>
          <nr>275</nr>
          <desc>scooterverzekering</desc>
          <periodNumber>7</periodNumber>
          <trDt>2019-07-02</trDt>
          <sourceID></sourceID>
          <userID></userID>
          <trLine>
            <nr>275.1.211</nr>
            <accID>1010</accID>
            <docRef></docRef>
            <effDate>2019-07-02</effDate>
            <desc>scooterverzekering</desc>
            <amnt>31.73</amnt>
            <amntTp>C</amntTp>
            <custSupID></custSupID>
            <costID></costID>
            <prodID></prodID>
            <projID></projID>
            <vat>
              <vatID></vatID>
              <vatPerc>0</vatPerc>
              <vatAmnt>0</vatAmnt>
              <vatAmntTp>C</vatAmntTp>
            </vat>
          </trLine>
          <trLine>
            <nr>275.2.212</nr>
            <accID>1600</accID>
            <docRef></docRef>
            <effDate>2019-07-02</effDate>
            <desc>scooterverzekering</desc>
            <amnt>5.51</amnt>
            <amntTp>D</amntTp>
            <custSupID></custSupID>
            <costID></costID>
            <prodID></prodID>
            <projID></projID>
            <vat>
              <vatID></vatID>
              <vatPerc>0</vatPerc>
              <vatAmnt>0</vatAmnt>
              <vatAmntTp>D</vatAmntTp>
            </vat>
          </trLine>
          <trLine>
            <nr>275.3.213</nr>
            <accID>4570</accID>
            <docRef></docRef>
            <effDate>2019-07-02</effDate>
            <desc>scooterverzekering</desc>
            <amnt>26.22</amnt>
            <amntTp>D</amntTp>
            <custSupID></custSupID>
            <costID></costID>
            <prodID></prodID>
            <projID></projID>
            <vat>
              <vatID>HOOG_INK_21</vatID>
              <vatPerc>21</vatPerc>
              <vatAmnt>5.51</vatAmnt>
              <vatAmntTp>D</vatAmntTp>
            </vat>
          </trLine>
        </transaction>
        <transaction>
          <nr>276</nr>
          <desc>pakketkosten</desc>
          <periodNumber>7</periodNumber>
          <trDt>2019-07-03</trDt>
          <sourceID></sourceID>
          <userID></userID>
          <trLine>
            <nr>276.1.214</nr>
            <accID>1010</accID>
            <docRef></docRef>
            <effDate>2019-07-03</effDate>
            <desc>pakketkosten</desc>
            <amnt>5</amnt>
            <amntTp>C</amntTp>
            <custSupID></custSupID>
            <costID></costID>
            <prodID></prodID>
            <projID></projID>
            <vat>
              <vatID></vatID>
              <vatPerc>0</vatPerc>
              <vatAmnt>0</vatAmnt>
              <vatAmntTp>C</vatAmntTp>
            </vat>
          </trLine>
          <trLine>
            <nr>276.3.215</nr>
            <accID>4550</accID>
            <docRef></docRef>
            <effDate>2019-07-03</effDate>
            <desc>pakketkosten</desc>
            <amnt>5</amnt>
            <amntTp>D</amntTp>
            <custSupID></custSupID>
            <costID></costID>
            <prodID></prodID>
            <projID></projID>
            <vat>
              <vatID></vatID>
              <vatPerc>0</vatPerc>
              <vatAmnt>0</vatAmnt>
              <vatAmntTp>D</vatAmntTp>
            </vat>
          </trLine>
        </transaction>
        <transaction>
          <nr>277</nr>
          <desc>kantoorspullen</desc>
          <periodNumber>7</periodNumber>
          <trDt>2019-07-13</trDt>
          <sourceID></sourceID>
          <userID></userID>
          <trLine>
            <nr>277.1.216</nr>
            <accID>1010</accID>
            <docRef></docRef>
            <effDate>2019-07-13</effDate>
            <desc>kantoorspullen</desc>
            <amnt>29</amnt>
            <amntTp>C</amntTp>
            <custSupID></custSupID>
            <costID></costID>
            <prodID></prodID>
            <projID></projID>
            <vat>
              <vatID></vatID>
              <vatPerc>0</vatPerc>
              <vatAmnt>0</vatAmnt>
              <vatAmntTp>C</vatAmntTp>
            </vat>
          </trLine>
          <trLine>
            <nr>277.3.217</nr>
            <accID>4700</accID>
            <docRef></docRef>
            <effDate>2019-07-13</effDate>
            <desc>kantoorspullen</desc>
            <amnt>29</amnt>
            <amntTp>D</amntTp>
            <custSupID></custSupID>
            <costID></costID>
            <prodID></prodID>
            <projID></projID>
            <vat>
              <vatID></vatID>
              <vatPerc>0</vatPerc>
              <vatAmnt>0</vatAmnt>
              <vatAmntTp>D</vatAmntTp>
            </vat>
          </trLine>
        </transaction>
        <transaction>
          <nr>278</nr>
          <desc>eboekhouden</desc>
          <periodNumber>7</periodNumber>
          <trDt>2019-07-17</trDt>
          <sourceID></sourceID>
          <userID></userID>
          <trLine>
            <nr>278.1.218</nr>
            <accID>1010</accID>
            <docRef></docRef>
            <effDate>2019-07-17</effDate>
            <desc>eboekhouden</desc>
            <amnt>16.82</amnt>
            <amntTp>C</amntTp>
            <custSupID></custSupID>
            <costID></costID>
            <prodID></prodID>
            <projID></projID>
            <vat>
              <vatID></vatID>
              <vatPerc>0</vatPerc>
              <vatAmnt>0</vatAmnt>
              <vatAmntTp>C</vatAmntTp>
            </vat>
          </trLine>
          <trLine>
            <nr>278.2.219</nr>
            <accID>1600</accID>
            <docRef></docRef>
            <effDate>2019-07-17</effDate>
            <desc>eboekhouden</desc>
            <amnt>2.92</amnt>
            <amntTp>D</amntTp>
            <custSupID></custSupID>
            <costID></costID>
            <prodID></prodID>
            <projID></projID>
            <vat>
              <vatID></vatID>
              <vatPerc>0</vatPerc>
              <vatAmnt>0</vatAmnt>
              <vatAmntTp>D</vatAmntTp>
            </vat>
          </trLine>
          <trLine>
            <nr>278.3.220</nr>
            <accID>4560</accID>
            <docRef></docRef>
            <effDate>2019-07-17</effDate>
            <desc>eboekhouden</desc>
            <amnt>13.9</amnt>
            <amntTp>D</amntTp>
            <custSupID></custSupID>
            <costID></costID>
            <prodID></prodID>
            <projID></projID>
            <vat>
              <vatID>HOOG_INK_21</vatID>
              <vatPerc>21</vatPerc>
              <vatAmnt>2.92</vatAmnt>
              <vatAmntTp>D</vatAmntTp>
            </vat>
          </trLine>
        </transaction>
        <transaction>
          <nr>287</nr>
          <desc>benzine scooter</desc>
          <periodNumber>7</periodNumber>
          <trDt>2019-07-21</trDt>
          <sourceID></sourceID>
          <userID></userID>
          <trLine>
            <nr>287.1.221</nr>
            <accID>1010</accID>
            <docRef></docRef>
            <effDate>2019-07-21</effDate>
            <desc>benzine scooter</desc>
            <amnt>6.2</amnt>
            <amntTp>C</amntTp>
            <custSupID></custSupID>
            <costID></costID>
            <prodID></prodID>
            <projID></projID>
            <vat>
              <vatID></vatID>
              <vatPerc>0</vatPerc>
              <vatAmnt>0</vatAmnt>
              <vatAmntTp>C</vatAmntTp>
            </vat>
          </trLine>
          <trLine>
            <nr>287.2.222</nr>
            <accID>1600</accID>
            <docRef></docRef>
            <effDate>2019-07-21</effDate>
            <desc>benzine scooter</desc>
            <amnt>1.08</amnt>
            <amntTp>D</amntTp>
            <custSupID></custSupID>
            <costID></costID>
            <prodID></prodID>
            <projID></projID>
            <vat>
              <vatID></vatID>
              <vatPerc>0</vatPerc>
              <vatAmnt>0</vatAmnt>
              <vatAmntTp>D</vatAmntTp>
            </vat>
          </trLine>
          <trLine>
            <nr>287.3.223</nr>
            <accID>4570</accID>
            <docRef></docRef>
            <effDate>2019-07-21</effDate>
            <desc>benzine scooter</desc>
            <amnt>5.12</amnt>
            <amntTp>D</amntTp>
            <custSupID></custSupID>
            <costID></costID>
            <prodID></prodID>
            <projID></projID>
            <vat>
              <vatID>HOOG_INK_21</vatID>
              <vatPerc>21</vatPerc>
              <vatAmnt>1.08</vatAmnt>
              <vatAmntTp>D</vatAmntTp>
            </vat>
          </trLine>
        </transaction>
        <transaction>
          <nr>290</nr>
          <desc>coolblue. kantoorspullen
factuur 330024103.</desc>
          <periodNumber>7</periodNumber>
          <trDt>2019-07-22</trDt>
          <sourceID></sourceID>
          <userID></userID>
          <trLine>
            <nr>290.1.224</nr>
            <accID>1010</accID>
            <docRef></docRef>
            <effDate>2019-07-22</effDate>
            <desc>coolblue. kantoorspullen
factuur 330024103.</desc>
            <amnt>298.95</amnt>
            <amntTp>C</amntTp>
            <custSupID></custSupID>
            <costID></costID>
            <prodID></prodID>
            <projID></projID>
            <vat>
              <vatID></vatID>
              <vatPerc>0</vatPerc>
              <vatAmnt>0</vatAmnt>
              <vatAmntTp>C</vatAmntTp>
            </vat>
          </trLine>
          <trLine>
            <nr>290.2.225</nr>
            <accID>1600</accID>
            <docRef></docRef>
            <effDate>2019-07-22</effDate>
            <desc>coolblue. kantoorspullen
factuur 330024103.</desc>
            <amnt>51.88</amnt>
            <amntTp>D</amntTp>
            <custSupID></custSupID>
            <costID></costID>
            <prodID></prodID>
            <projID></projID>
            <vat>
              <vatID></vatID>
              <vatPerc>0</vatPerc>
              <vatAmnt>0</vatAmnt>
              <vatAmntTp>D</vatAmntTp>
            </vat>
          </trLine>
          <trLine>
            <nr>290.3.226</nr>
            <accID>4700</accID>
            <docRef></docRef>
            <effDate>2019-07-22</effDate>
            <desc>coolblue. kantoorspullen
factuur 330024103.</desc>
            <amnt>247.07</amnt>
            <amntTp>D</amntTp>
            <custSupID></custSupID>
            <costID></costID>
            <prodID></prodID>
            <projID></projID>
            <vat>
              <vatID>HOOG_INK_21</vatID>
              <vatPerc>21</vatPerc>
              <vatAmnt>51.88</vatAmnt>
              <vatAmntTp>D</vatAmntTp>
            </vat>
          </trLine>
        </transaction>
        <transaction>
          <nr>291</nr>
          <desc>btw q2 2019</desc>
          <periodNumber>7</periodNumber>
          <trDt>2019-07-22</trDt>
          <sourceID></sourceID>
          <userID></userID>
          <trLine>
            <nr>291.1.227</nr>
            <accID>1010</accID>
            <docRef></docRef>
            <effDate>2019-07-22</effDate>
            <desc>btw q2 2019</desc>
            <amnt>5353</amnt>
            <amntTp>C</amntTp>
            <custSupID></custSupID>
            <costID></costID>
            <prodID></prodID>
            <projID></projID>
            <vat>
              <vatID></vatID>
              <vatPerc>0</vatPerc>
              <vatAmnt>0</vatAmnt>
              <vatAmntTp>C</vatAmntTp>
            </vat>
          </trLine>
          <trLine>
            <nr>291.3.228</nr>
            <accID>1650</accID>
            <docRef></docRef>
            <effDate>2019-07-22</effDate>
            <desc>btw q2 2019</desc>
            <amnt>5353</amnt>
            <amntTp>D</amntTp>
            <custSupID></custSupID>
            <costID></costID>
            <prodID></prodID>
            <projID></projID>
            <vat>
              <vatID></vatID>
              <vatPerc>0</vatPerc>
              <vatAmnt>0</vatAmnt>
              <vatAmntTp>D</vatAmntTp>
            </vat>
          </trLine>
        </transaction>
        <transaction>
          <nr>294</nr>
          <desc>Betaling Tele2</desc>
          <periodNumber>8</periodNumber>
          <trDt>2019-08-13</trDt>
          <sourceID></sourceID>
          <userID></userID>
          <trLine>
            <nr>294.1.229</nr>
            <accID>1010</accID>
            <docRef>246864246.28</docRef>
            <effDate>2019-08-13</effDate>
            <desc>Betaling Tele2</desc>
            <amnt>21683.2</amnt>
            <amntTp>D</amntTp>
            <custSupID>HARVEY N</custSupID>
            <costID></costID>
            <prodID></prodID>
            <projID></projID>
            <vat>
              <vatID></vatID>
              <vatPerc>0</vatPerc>
              <vatAmnt>0</vatAmnt>
              <vatAmntTp>D</vatAmntTp>
            </vat>
          </trLine>
          <trLine>
            <nr>294.3.230</nr>
            <accID>1300</accID>
            <docRef>246864246.28</docRef>
            <effDate>2019-08-13</effDate>
            <desc>Betaling Tele2</desc>
            <amnt>21683.2</amnt>
            <amntTp>C</amntTp>
            <custSupID>HARVEY N</custSupID>
            <costID></costID>
            <prodID></prodID>
            <projID></projID>
            <vat>
              <vatID></vatID>
              <vatPerc>0</vatPerc>
              <vatAmnt>0</vatAmnt>
              <vatAmntTp>C</vatAmntTp>
            </vat>
          </trLine>
        </transaction>
        <transaction>
          <nr>295</nr>
          <desc>Betaling Tele2 1910.</desc>
          <periodNumber>9</periodNumber>
          <trDt>2019-09-17</trDt>
          <sourceID></sourceID>
          <userID></userID>
          <trLine>
            <nr>295.1.231</nr>
            <accID>1010</accID>
            <docRef>246864246.29</docRef>
            <effDate>2019-09-17</effDate>
            <desc>Betaling Tele2 1910.</desc>
            <amnt>14713.6</amnt>
            <amntTp>D</amntTp>
            <custSupID>HARVEY N</custSupID>
            <costID></costID>
            <prodID></prodID>
            <projID></projID>
            <vat>
              <vatID></vatID>
              <vatPerc>0</vatPerc>
              <vatAmnt>0</vatAmnt>
              <vatAmntTp>D</vatAmntTp>
            </vat>
          </trLine>
          <trLine>
            <nr>295.3.232</nr>
            <accID>1300</accID>
            <docRef>246864246.29</docRef>
            <effDate>2019-09-17</effDate>
            <desc>Betaling Tele2 1910.</desc>
            <amnt>14713.6</amnt>
            <amntTp>C</amntTp>
            <custSupID>HARVEY N</custSupID>
            <costID></costID>
            <prodID></prodID>
            <projID></projID>
            <vat>
              <vatID></vatID>
              <vatPerc>0</vatPerc>
              <vatAmnt>0</vatAmnt>
              <vatAmntTp>C</vatAmntTp>
            </vat>
          </trLine>
        </transaction>
        <transaction>
          <nr>307</nr>
          <desc>knab pakketkosten</desc>
          <periodNumber>8</periodNumber>
          <trDt>2019-08-01</trDt>
          <sourceID></sourceID>
          <userID></userID>
          <trLine>
            <nr>307.1.233</nr>
            <accID>1010</accID>
            <docRef></docRef>
            <effDate>2019-08-01</effDate>
            <desc>knab pakketkosten</desc>
            <amnt>5</amnt>
            <amntTp>C</amntTp>
            <custSupID></custSupID>
            <costID></costID>
            <prodID></prodID>
            <projID></projID>
            <vat>
              <vatID></vatID>
              <vatPerc>0</vatPerc>
              <vatAmnt>0</vatAmnt>
              <vatAmntTp>C</vatAmntTp>
            </vat>
          </trLine>
          <trLine>
            <nr>307.3.234</nr>
            <accID>4550</accID>
            <docRef></docRef>
            <effDate>2019-08-01</effDate>
            <desc>knab pakketkosten</desc>
            <amnt>5</amnt>
            <amntTp>D</amntTp>
            <custSupID></custSupID>
            <costID></costID>
            <prodID></prodID>
            <projID></projID>
            <vat>
              <vatID></vatID>
              <vatPerc>0</vatPerc>
              <vatAmnt>0</vatAmnt>
              <vatAmntTp>D</vatAmntTp>
            </vat>
          </trLine>
        </transaction>
        <transaction>
          <nr>308</nr>
          <desc>verzekering scooter</desc>
          <periodNumber>8</periodNumber>
          <trDt>2019-08-02</trDt>
          <sourceID></sourceID>
          <userID></userID>
          <trLine>
            <nr>308.1.235</nr>
            <accID>1010</accID>
            <docRef></docRef>
            <effDate>2019-08-02</effDate>
            <desc>verzekering scooter</desc>
            <amnt>31.73</amnt>
            <amntTp>C</amntTp>
            <custSupID></custSupID>
            <costID></costID>
            <prodID></prodID>
            <projID></projID>
            <vat>
              <vatID></vatID>
              <vatPerc>0</vatPerc>
              <vatAmnt>0</vatAmnt>
              <vatAmntTp>C</vatAmntTp>
            </vat>
          </trLine>
          <trLine>
            <nr>308.2.236</nr>
            <accID>1600</accID>
            <docRef></docRef>
            <effDate>2019-08-02</effDate>
            <desc>verzekering scooter</desc>
            <amnt>5.51</amnt>
            <amntTp>D</amntTp>
            <custSupID></custSupID>
            <costID></costID>
            <prodID></prodID>
            <projID></projID>
            <vat>
              <vatID></vatID>
              <vatPerc>0</vatPerc>
              <vatAmnt>0</vatAmnt>
              <vatAmntTp>D</vatAmntTp>
            </vat>
          </trLine>
          <trLine>
            <nr>308.3.237</nr>
            <accID>4570</accID>
            <docRef></docRef>
            <effDate>2019-08-02</effDate>
            <desc>verzekering scooter</desc>
            <amnt>26.22</amnt>
            <amntTp>D</amntTp>
            <custSupID></custSupID>
            <costID></costID>
            <prodID></prodID>
            <projID></projID>
            <vat>
              <vatID>HOOG_INK_21</vatID>
              <vatPerc>21</vatPerc>
              <vatAmnt>5.51</vatAmnt>
              <vatAmntTp>D</vatAmntTp>
            </vat>
          </trLine>
        </transaction>
        <transaction>
          <nr>309</nr>
          <desc>Aon zakelijke verzekeringen 2019/2020</desc>
          <periodNumber>8</periodNumber>
          <trDt>2019-08-07</trDt>
          <sourceID></sourceID>
          <userID></userID>
          <trLine>
            <nr>309.1.238</nr>
            <accID>1010</accID>
            <docRef></docRef>
            <effDate>2019-08-07</effDate>
            <desc>Aon zakelijke verzekeringen 2019/2020</desc>
            <amnt>1052.7</amnt>
            <amntTp>C</amntTp>
            <custSupID></custSupID>
            <costID></costID>
            <prodID></prodID>
            <projID></projID>
            <vat>
              <vatID></vatID>
              <vatPerc>0</vatPerc>
              <vatAmnt>0</vatAmnt>
              <vatAmntTp>C</vatAmntTp>
            </vat>
          </trLine>
          <trLine>
            <nr>309.2.239</nr>
            <accID>1600</accID>
            <docRef></docRef>
            <effDate>2019-08-07</effDate>
            <desc>Aon zakelijke verzekeringen 2019/2020</desc>
            <amnt>182.7</amnt>
            <amntTp>D</amntTp>
            <custSupID></custSupID>
            <costID></costID>
            <prodID></prodID>
            <projID></projID>
            <vat>
              <vatID></vatID>
              <vatPerc>0</vatPerc>
              <vatAmnt>0</vatAmnt>
              <vatAmntTp>D</vatAmntTp>
            </vat>
          </trLine>
          <trLine>
            <nr>309.3.240</nr>
            <accID>4820</accID>
            <docRef></docRef>
            <effDate>2019-08-07</effDate>
            <desc>Aon zakelijke verzekeringen 2019/2020</desc>
            <amnt>870</amnt>
            <amntTp>D</amntTp>
            <custSupID></custSupID>
            <costID></costID>
            <prodID></prodID>
            <projID></projID>
            <vat>
              <vatID>HOOG_INK_21</vatID>
              <vatPerc>21</vatPerc>
              <vatAmnt>182.70</vatAmnt>
              <vatAmntTp>D</vatAmntTp>
            </vat>
          </trLine>
        </transaction>
        <transaction>
          <nr>310</nr>
          <desc>skillsource</desc>
          <periodNumber>8</periodNumber>
          <trDt>2019-08-19</trDt>
          <sourceID></sourceID>
          <userID></userID>
          <trLine>
            <nr>310.1.241</nr>
            <accID>1010</accID>
            <docRef></docRef>
            <effDate>2019-08-19</effDate>
            <desc>skillsource</desc>
            <amnt>16.82</amnt>
            <amntTp>C</amntTp>
            <custSupID></custSupID>
            <costID></costID>
            <prodID></prodID>
            <projID></projID>
            <vat>
              <vatID></vatID>
              <vatPerc>0</vatPerc>
              <vatAmnt>0</vatAmnt>
              <vatAmntTp>C</vatAmntTp>
            </vat>
          </trLine>
          <trLine>
            <nr>310.2.242</nr>
            <accID>1600</accID>
            <docRef></docRef>
            <effDate>2019-08-19</effDate>
            <desc>skillsource</desc>
            <amnt>2.92</amnt>
            <amntTp>D</amntTp>
            <custSupID></custSupID>
            <costID></costID>
            <prodID></prodID>
            <projID></projID>
            <vat>
              <vatID></vatID>
              <vatPerc>0</vatPerc>
              <vatAmnt>0</vatAmnt>
              <vatAmntTp>D</vatAmntTp>
            </vat>
          </trLine>
          <trLine>
            <nr>310.3.243</nr>
            <accID>4560</accID>
            <docRef></docRef>
            <effDate>2019-08-19</effDate>
            <desc>skillsource</desc>
            <amnt>13.9</amnt>
            <amntTp>D</amntTp>
            <custSupID></custSupID>
            <costID></costID>
            <prodID></prodID>
            <projID></projID>
            <vat>
              <vatID>HOOG_INK_21</vatID>
              <vatPerc>21</vatPerc>
              <vatAmnt>2.92</vatAmnt>
              <vatAmntTp>D</vatAmntTp>
            </vat>
          </trLine>
        </transaction>
        <transaction>
          <nr>311</nr>
          <desc>kantoorspullen</desc>
          <periodNumber>8</periodNumber>
          <trDt>2019-08-24</trDt>
          <sourceID></sourceID>
          <userID></userID>
          <trLine>
            <nr>311.1.244</nr>
            <accID>1010</accID>
            <docRef></docRef>
            <effDate>2019-08-24</effDate>
            <desc>kantoorspullen</desc>
            <amnt>395</amnt>
            <amntTp>C</amntTp>
            <custSupID></custSupID>
            <costID></costID>
            <prodID></prodID>
            <projID></projID>
            <vat>
              <vatID></vatID>
              <vatPerc>0</vatPerc>
              <vatAmnt>0</vatAmnt>
              <vatAmntTp>C</vatAmntTp>
            </vat>
          </trLine>
          <trLine>
            <nr>311.2.245</nr>
            <accID>1600</accID>
            <docRef></docRef>
            <effDate>2019-08-24</effDate>
            <desc>kantoorspullen</desc>
            <amnt>68.55</amnt>
            <amntTp>D</amntTp>
            <custSupID></custSupID>
            <costID></costID>
            <prodID></prodID>
            <projID></projID>
            <vat>
              <vatID></vatID>
              <vatPerc>0</vatPerc>
              <vatAmnt>0</vatAmnt>
              <vatAmntTp>D</vatAmntTp>
            </vat>
          </trLine>
          <trLine>
            <nr>311.3.246</nr>
            <accID>4700</accID>
            <docRef></docRef>
            <effDate>2019-08-24</effDate>
            <desc>kantoorspullen</desc>
            <amnt>326.45</amnt>
            <amntTp>D</amntTp>
            <custSupID></custSupID>
            <costID></costID>
            <prodID></prodID>
            <projID></projID>
            <vat>
              <vatID>HOOG_INK_21</vatID>
              <vatPerc>21</vatPerc>
              <vatAmnt>68.55</vatAmnt>
              <vatAmntTp>D</vatAmntTp>
            </vat>
          </trLine>
        </transaction>
        <transaction>
          <nr>312</nr>
          <desc>knab pakketkosten</desc>
          <periodNumber>9</periodNumber>
          <trDt>2019-09-02</trDt>
          <sourceID></sourceID>
          <userID></userID>
          <trLine>
            <nr>312.1.247</nr>
            <accID>1010</accID>
            <docRef></docRef>
            <effDate>2019-09-02</effDate>
            <desc>knab pakketkosten</desc>
            <amnt>5</amnt>
            <amntTp>C</amntTp>
            <custSupID></custSupID>
            <costID></costID>
            <prodID></prodID>
            <projID></projID>
            <vat>
              <vatID></vatID>
              <vatPerc>0</vatPerc>
              <vatAmnt>0</vatAmnt>
              <vatAmntTp>C</vatAmntTp>
            </vat>
          </trLine>
          <trLine>
            <nr>312.2.248</nr>
            <accID>1600</accID>
            <docRef></docRef>
            <effDate>2019-09-02</effDate>
            <desc>knab pakketkosten</desc>
            <amnt>0.87</amnt>
            <amntTp>D</amntTp>
            <custSupID></custSupID>
            <costID></costID>
            <prodID></prodID>
            <projID></projID>
            <vat>
              <vatID></vatID>
              <vatPerc>0</vatPerc>
              <vatAmnt>0</vatAmnt>
              <vatAmntTp>D</vatAmntTp>
            </vat>
          </trLine>
          <trLine>
            <nr>312.3.249</nr>
            <accID>4550</accID>
            <docRef></docRef>
            <effDate>2019-09-02</effDate>
            <desc>knab pakketkosten</desc>
            <amnt>4.13</amnt>
            <amntTp>D</amntTp>
            <custSupID></custSupID>
            <costID></costID>
            <prodID></prodID>
            <projID></projID>
            <vat>
              <vatID>HOOG_INK_21</vatID>
              <vatPerc>21</vatPerc>
              <vatAmnt>0.87</vatAmnt>
              <vatAmntTp>D</vatAmntTp>
            </vat>
          </trLine>
        </transaction>
        <transaction>
          <nr>313</nr>
          <desc>verzekering scooter</desc>
          <periodNumber>9</periodNumber>
          <trDt>2019-09-03</trDt>
          <sourceID></sourceID>
          <userID></userID>
          <trLine>
            <nr>313.1.250</nr>
            <accID>1010</accID>
            <docRef></docRef>
            <effDate>2019-09-03</effDate>
            <desc>verzekering scooter</desc>
            <amnt>31.73</amnt>
            <amntTp>C</amntTp>
            <custSupID></custSupID>
            <costID></costID>
            <prodID></prodID>
            <projID></projID>
            <vat>
              <vatID></vatID>
              <vatPerc>0</vatPerc>
              <vatAmnt>0</vatAmnt>
              <vatAmntTp>C</vatAmntTp>
            </vat>
          </trLine>
          <trLine>
            <nr>313.2.251</nr>
            <accID>1600</accID>
            <docRef></docRef>
            <effDate>2019-09-03</effDate>
            <desc>verzekering scooter</desc>
            <amnt>5.51</amnt>
            <amntTp>D</amntTp>
            <custSupID></custSupID>
            <costID></costID>
            <prodID></prodID>
            <projID></projID>
            <vat>
              <vatID></vatID>
              <vatPerc>0</vatPerc>
              <vatAmnt>0</vatAmnt>
              <vatAmntTp>D</vatAmntTp>
            </vat>
          </trLine>
          <trLine>
            <nr>313.3.252</nr>
            <accID>4570</accID>
            <docRef></docRef>
            <effDate>2019-09-03</effDate>
            <desc>verzekering scooter</desc>
            <amnt>26.22</amnt>
            <amntTp>D</amntTp>
            <custSupID></custSupID>
            <costID></costID>
            <prodID></prodID>
            <projID></projID>
            <vat>
              <vatID>HOOG_INK_21</vatID>
              <vatPerc>21</vatPerc>
              <vatAmnt>5.51</vatAmnt>
              <vatAmntTp>D</vatAmntTp>
            </vat>
          </trLine>
        </transaction>
        <transaction>
          <nr>314</nr>
          <desc>kantoorspullen</desc>
          <periodNumber>9</periodNumber>
          <trDt>2019-09-12</trDt>
          <sourceID></sourceID>
          <userID></userID>
          <trLine>
            <nr>314.1.253</nr>
            <accID>1010</accID>
            <docRef></docRef>
            <effDate>2019-09-12</effDate>
            <desc>kantoorspullen</desc>
            <amnt>12.17</amnt>
            <amntTp>C</amntTp>
            <custSupID></custSupID>
            <costID></costID>
            <prodID></prodID>
            <projID></projID>
            <vat>
              <vatID></vatID>
              <vatPerc>0</vatPerc>
              <vatAmnt>0</vatAmnt>
              <vatAmntTp>C</vatAmntTp>
            </vat>
          </trLine>
          <trLine>
            <nr>314.2.254</nr>
            <accID>1600</accID>
            <docRef></docRef>
            <effDate>2019-09-12</effDate>
            <desc>kantoorspullen</desc>
            <amnt>2.11</amnt>
            <amntTp>D</amntTp>
            <custSupID></custSupID>
            <costID></costID>
            <prodID></prodID>
            <projID></projID>
            <vat>
              <vatID></vatID>
              <vatPerc>0</vatPerc>
              <vatAmnt>0</vatAmnt>
              <vatAmntTp>D</vatAmntTp>
            </vat>
          </trLine>
          <trLine>
            <nr>314.3.255</nr>
            <accID>4700</accID>
            <docRef></docRef>
            <effDate>2019-09-12</effDate>
            <desc>kantoorspullen</desc>
            <amnt>10.06</amnt>
            <amntTp>D</amntTp>
            <custSupID></custSupID>
            <costID></costID>
            <prodID></prodID>
            <projID></projID>
            <vat>
              <vatID>HOOG_INK_21</vatID>
              <vatPerc>21</vatPerc>
              <vatAmnt>2.11</vatAmnt>
              <vatAmntTp>D</vatAmntTp>
            </vat>
          </trLine>
        </transaction>
        <transaction>
          <nr>315</nr>
          <desc>skillsource</desc>
          <periodNumber>9</periodNumber>
          <trDt>2019-09-19</trDt>
          <sourceID></sourceID>
          <userID></userID>
          <trLine>
            <nr>315.1.256</nr>
            <accID>1010</accID>
            <docRef></docRef>
            <effDate>2019-09-19</effDate>
            <desc>skillsource</desc>
            <amnt>16.82</amnt>
            <amntTp>C</amntTp>
            <custSupID></custSupID>
            <costID></costID>
            <prodID></prodID>
            <projID></projID>
            <vat>
              <vatID></vatID>
              <vatPerc>0</vatPerc>
              <vatAmnt>0</vatAmnt>
              <vatAmntTp>C</vatAmntTp>
            </vat>
          </trLine>
          <trLine>
            <nr>315.2.257</nr>
            <accID>1600</accID>
            <docRef></docRef>
            <effDate>2019-09-19</effDate>
            <desc>skillsource</desc>
            <amnt>2.92</amnt>
            <amntTp>D</amntTp>
            <custSupID></custSupID>
            <costID></costID>
            <prodID></prodID>
            <projID></projID>
            <vat>
              <vatID></vatID>
              <vatPerc>0</vatPerc>
              <vatAmnt>0</vatAmnt>
              <vatAmntTp>D</vatAmntTp>
            </vat>
          </trLine>
          <trLine>
            <nr>315.3.258</nr>
            <accID>4560</accID>
            <docRef></docRef>
            <effDate>2019-09-19</effDate>
            <desc>skillsource</desc>
            <amnt>13.9</amnt>
            <amntTp>D</amntTp>
            <custSupID></custSupID>
            <costID></costID>
            <prodID></prodID>
            <projID></projID>
            <vat>
              <vatID>HOOG_INK_21</vatID>
              <vatPerc>21</vatPerc>
              <vatAmnt>2.92</vatAmnt>
              <vatAmntTp>D</vatAmntTp>
            </vat>
          </trLine>
        </transaction>
        <transaction>
          <nr>316</nr>
          <desc>vakliteratuur - ebook</desc>
          <periodNumber>9</periodNumber>
          <trDt>2019-09-27</trDt>
          <sourceID></sourceID>
          <userID></userID>
          <trLine>
            <nr>316.1.259</nr>
            <accID>1010</accID>
            <docRef></docRef>
            <effDate>2019-09-27</effDate>
            <desc>vakliteratuur - ebook</desc>
            <amnt>17.99</amnt>
            <amntTp>C</amntTp>
            <custSupID></custSupID>
            <costID></costID>
            <prodID></prodID>
            <projID></projID>
            <vat>
              <vatID></vatID>
              <vatPerc>0</vatPerc>
              <vatAmnt>0</vatAmnt>
              <vatAmntTp>C</vatAmntTp>
            </vat>
          </trLine>
          <trLine>
            <nr>316.2.260</nr>
            <accID>1600</accID>
            <docRef></docRef>
            <effDate>2019-09-27</effDate>
            <desc>vakliteratuur - ebook</desc>
            <amnt>3.12</amnt>
            <amntTp>D</amntTp>
            <custSupID></custSupID>
            <costID></costID>
            <prodID></prodID>
            <projID></projID>
            <vat>
              <vatID></vatID>
              <vatPerc>0</vatPerc>
              <vatAmnt>0</vatAmnt>
              <vatAmntTp>D</vatAmntTp>
            </vat>
          </trLine>
          <trLine>
            <nr>316.3.261</nr>
            <accID>4860</accID>
            <docRef></docRef>
            <effDate>2019-09-27</effDate>
            <desc>vakliteratuur - ebook</desc>
            <amnt>14.87</amnt>
            <amntTp>D</amntTp>
            <custSupID></custSupID>
            <costID></costID>
            <prodID></prodID>
            <projID></projID>
            <vat>
              <vatID>HOOG_INK_21</vatID>
              <vatPerc>21</vatPerc>
              <vatAmnt>3.12</vatAmnt>
              <vatAmntTp>D</vatAmntTp>
            </vat>
          </trLine>
        </transaction>
        <transaction>
          <nr>317</nr>
          <desc>belasting 2018 betalen</desc>
          <periodNumber>8</periodNumber>
          <trDt>2019-08-13</trDt>
          <sourceID></sourceID>
          <userID></userID>
          <trLine>
            <nr>317.1.262</nr>
            <accID>1010</accID>
            <docRef></docRef>
            <effDate>2019-08-13</effDate>
            <desc>belasting 2018 betalen</desc>
            <amnt>44724</amnt>
            <amntTp>C</amntTp>
            <custSupID></custSupID>
            <costID></costID>
            <prodID></prodID>
            <projID></projID>
            <vat>
              <vatID></vatID>
              <vatPerc>0</vatPerc>
              <vatAmnt>0</vatAmnt>
              <vatAmntTp>C</vatAmntTp>
            </vat>
          </trLine>
          <trLine>
            <nr>317.3.263</nr>
            <accID>1410</accID>
            <docRef></docRef>
            <effDate>2019-08-13</effDate>
            <desc>belasting 2018 betalen</desc>
            <amnt>44724</amnt>
            <amntTp>D</amntTp>
            <custSupID></custSupID>
            <costID></costID>
            <prodID></prodID>
            <projID></projID>
            <vat>
              <vatID></vatID>
              <vatPerc>0</vatPerc>
              <vatAmnt>0</vatAmnt>
              <vatAmntTp>D</vatAmntTp>
            </vat>
          </trLine>
        </transaction>
        <transaction>
          <nr>318</nr>
          <desc>belasting 2018 betalen</desc>
          <periodNumber>8</periodNumber>
          <trDt>2019-08-13</trDt>
          <sourceID></sourceID>
          <userID></userID>
          <trLine>
            <nr>318.1.264</nr>
            <accID>1010</accID>
            <docRef></docRef>
            <effDate>2019-08-13</effDate>
            <desc>belasting 2018 betalen</desc>
            <amnt>2772</amnt>
            <amntTp>C</amntTp>
            <custSupID></custSupID>
            <costID></costID>
            <prodID></prodID>
            <projID></projID>
            <vat>
              <vatID></vatID>
              <vatPerc>0</vatPerc>
              <vatAmnt>0</vatAmnt>
              <vatAmntTp>C</vatAmntTp>
            </vat>
          </trLine>
          <trLine>
            <nr>318.3.265</nr>
            <accID>1410</accID>
            <docRef></docRef>
            <effDate>2019-08-13</effDate>
            <desc>belasting 2018 betalen</desc>
            <amnt>2772</amnt>
            <amntTp>D</amntTp>
            <custSupID></custSupID>
            <costID></costID>
            <prodID></prodID>
            <projID></projID>
            <vat>
              <vatID></vatID>
              <vatPerc>0</vatPerc>
              <vatAmnt>0</vatAmnt>
              <vatAmntTp>D</vatAmntTp>
            </vat>
          </trLine>
        </transaction>
        <transaction>
          <nr>319</nr>
          <desc>verteer 08-2019</desc>
          <periodNumber>8</periodNumber>
          <trDt>2019-08-31</trDt>
          <sourceID></sourceID>
          <userID></userID>
          <trLine>
            <nr>319.1.266</nr>
            <accID>1010</accID>
            <docRef></docRef>
            <effDate>2019-08-31</effDate>
            <desc>verteer 08-2019</desc>
            <amnt>5.5</amnt>
            <amntTp>C</amntTp>
            <custSupID></custSupID>
            <costID></costID>
            <prodID></prodID>
            <projID></projID>
            <vat>
              <vatID></vatID>
              <vatPerc>0</vatPerc>
              <vatAmnt>0</vatAmnt>
              <vatAmntTp>C</vatAmntTp>
            </vat>
          </trLine>
          <trLine>
            <nr>319.2.267</nr>
            <accID>1600</accID>
            <docRef></docRef>
            <effDate>2019-08-31</effDate>
            <desc>verteer 08-2019</desc>
            <amnt>0.31</amnt>
            <amntTp>D</amntTp>
            <custSupID></custSupID>
            <costID></costID>
            <prodID></prodID>
            <projID></projID>
            <vat>
              <vatID></vatID>
              <vatPerc>0</vatPerc>
              <vatAmnt>0</vatAmnt>
              <vatAmntTp>D</vatAmntTp>
            </vat>
          </trLine>
          <trLine>
            <nr>319.3.268</nr>
            <accID>4520</accID>
            <docRef></docRef>
            <effDate>2019-08-31</effDate>
            <desc>verteer 08-2019</desc>
            <amnt>5.19</amnt>
            <amntTp>D</amntTp>
            <custSupID></custSupID>
            <costID></costID>
            <prodID></prodID>
            <projID></projID>
            <vat>
              <vatID>LAAG_INK</vatID>
              <vatPerc>6</vatPerc>
              <vatAmnt>0.31</vatAmnt>
              <vatAmntTp>D</vatAmntTp>
            </vat>
          </trLine>
        </transaction>
        <transaction>
          <nr>320</nr>
          <desc>prive opnamen 08-2019</desc>
          <periodNumber>8</periodNumber>
          <trDt>2019-08-31</trDt>
          <sourceID></sourceID>
          <userID></userID>
          <trLine>
            <nr>320.1.269</nr>
            <accID>1010</accID>
            <docRef></docRef>
            <effDate>2019-08-31</effDate>
            <desc>prive opnamen 08-2019</desc>
            <amnt>5000</amnt>
            <amntTp>C</amntTp>
            <custSupID></custSupID>
            <costID></costID>
            <prodID></prodID>
            <projID></projID>
            <vat>
              <vatID></vatID>
              <vatPerc>0</vatPerc>
              <vatAmnt>0</vatAmnt>
              <vatAmntTp>C</vatAmntTp>
            </vat>
          </trLine>
          <trLine>
            <nr>320.3.270</nr>
            <accID>1410</accID>
            <docRef></docRef>
            <effDate>2019-08-31</effDate>
            <desc>prive opnamen 08-2019</desc>
            <amnt>5000</amnt>
            <amntTp>D</amntTp>
            <custSupID></custSupID>
            <costID></costID>
            <prodID></prodID>
            <projID></projID>
            <vat>
              <vatID></vatID>
              <vatPerc>0</vatPerc>
              <vatAmnt>0</vatAmnt>
              <vatAmntTp>D</vatAmntTp>
            </vat>
          </trLine>
        </transaction>
        <transaction>
          <nr>321</nr>
          <desc>prive opnamen 09-2019</desc>
          <periodNumber>9</periodNumber>
          <trDt>2019-09-30</trDt>
          <sourceID></sourceID>
          <userID></userID>
          <trLine>
            <nr>321.1.271</nr>
            <accID>1010</accID>
            <docRef></docRef>
            <effDate>2019-09-30</effDate>
            <desc>prive opnamen 09-2019</desc>
            <amnt>3500</amnt>
            <amntTp>C</amntTp>
            <custSupID></custSupID>
            <costID></costID>
            <prodID></prodID>
            <projID></projID>
            <vat>
              <vatID></vatID>
              <vatPerc>0</vatPerc>
              <vatAmnt>0</vatAmnt>
              <vatAmntTp>C</vatAmntTp>
            </vat>
          </trLine>
          <trLine>
            <nr>321.3.272</nr>
            <accID>1410</accID>
            <docRef></docRef>
            <effDate>2019-09-30</effDate>
            <desc>prive opnamen 09-2019</desc>
            <amnt>3500</amnt>
            <amntTp>D</amntTp>
            <custSupID></custSupID>
            <costID></costID>
            <prodID></prodID>
            <projID></projID>
            <vat>
              <vatID></vatID>
              <vatPerc>0</vatPerc>
              <vatAmnt>0</vatAmnt>
              <vatAmntTp>D</vatAmntTp>
            </vat>
          </trLine>
        </transaction>
        <transaction>
          <nr>322</nr>
          <desc>verteer 10-2019</desc>
          <periodNumber>10</periodNumber>
          <trDt>2019-10-30</trDt>
          <sourceID></sourceID>
          <userID></userID>
          <trLine>
            <nr>322.1.273</nr>
            <accID>1010</accID>
            <docRef></docRef>
            <effDate>2019-10-30</effDate>
            <desc>verteer 10-2019</desc>
            <amnt>15.2</amnt>
            <amntTp>C</amntTp>
            <custSupID></custSupID>
            <costID></costID>
            <prodID></prodID>
            <projID></projID>
            <vat>
              <vatID></vatID>
              <vatPerc>0</vatPerc>
              <vatAmnt>0</vatAmnt>
              <vatAmntTp>C</vatAmntTp>
            </vat>
          </trLine>
          <trLine>
            <nr>322.2.274</nr>
            <accID>1600</accID>
            <docRef></docRef>
            <effDate>2019-10-30</effDate>
            <desc>verteer 10-2019</desc>
            <amnt>0.86</amnt>
            <amntTp>D</amntTp>
            <custSupID></custSupID>
            <costID></costID>
            <prodID></prodID>
            <projID></projID>
            <vat>
              <vatID></vatID>
              <vatPerc>0</vatPerc>
              <vatAmnt>0</vatAmnt>
              <vatAmntTp>D</vatAmntTp>
            </vat>
          </trLine>
          <trLine>
            <nr>322.3.275</nr>
            <accID>4520</accID>
            <docRef></docRef>
            <effDate>2019-10-30</effDate>
            <desc>verteer 10-2019</desc>
            <amnt>14.34</amnt>
            <amntTp>D</amntTp>
            <custSupID></custSupID>
            <costID></costID>
            <prodID></prodID>
            <projID></projID>
            <vat>
              <vatID>LAAG_INK</vatID>
              <vatPerc>6</vatPerc>
              <vatAmnt>0.86</vatAmnt>
              <vatAmntTp>D</vatAmntTp>
            </vat>
          </trLine>
        </transaction>
        <transaction>
          <nr>323</nr>
          <desc>prive opnamen 10-2019</desc>
          <periodNumber>10</periodNumber>
          <trDt>2019-10-30</trDt>
          <sourceID></sourceID>
          <userID></userID>
          <trLine>
            <nr>323.1.276</nr>
            <accID>1010</accID>
            <docRef></docRef>
            <effDate>2019-10-30</effDate>
            <desc>prive opnamen 10-2019</desc>
            <amnt>7000</amnt>
            <amntTp>C</amntTp>
            <custSupID></custSupID>
            <costID></costID>
            <prodID></prodID>
            <projID></projID>
            <vat>
              <vatID></vatID>
              <vatPerc>0</vatPerc>
              <vatAmnt>0</vatAmnt>
              <vatAmntTp>C</vatAmntTp>
            </vat>
          </trLine>
          <trLine>
            <nr>323.3.277</nr>
            <accID>1410</accID>
            <docRef></docRef>
            <effDate>2019-10-30</effDate>
            <desc>prive opnamen 10-2019</desc>
            <amnt>7000</amnt>
            <amntTp>D</amntTp>
            <custSupID></custSupID>
            <costID></costID>
            <prodID></prodID>
            <projID></projID>
            <vat>
              <vatID></vatID>
              <vatPerc>0</vatPerc>
              <vatAmnt>0</vatAmnt>
              <vatAmntTp>D</vatAmntTp>
            </vat>
          </trLine>
        </transaction>
        <transaction>
          <nr>324</nr>
          <desc>knab pakketkosten</desc>
          <periodNumber>10</periodNumber>
          <trDt>2019-10-01</trDt>
          <sourceID></sourceID>
          <userID></userID>
          <trLine>
            <nr>324.1.278</nr>
            <accID>1010</accID>
            <docRef></docRef>
            <effDate>2019-10-01</effDate>
            <desc>knab pakketkosten</desc>
            <amnt>5</amnt>
            <amntTp>C</amntTp>
            <custSupID></custSupID>
            <costID></costID>
            <prodID></prodID>
            <projID></projID>
            <vat>
              <vatID></vatID>
              <vatPerc>0</vatPerc>
              <vatAmnt>0</vatAmnt>
              <vatAmntTp>C</vatAmntTp>
            </vat>
          </trLine>
          <trLine>
            <nr>324.3.279</nr>
            <accID>4550</accID>
            <docRef></docRef>
            <effDate>2019-10-01</effDate>
            <desc>knab pakketkosten</desc>
            <amnt>5</amnt>
            <amntTp>D</amntTp>
            <custSupID></custSupID>
            <costID></costID>
            <prodID></prodID>
            <projID></projID>
            <vat>
              <vatID></vatID>
              <vatPerc>0</vatPerc>
              <vatAmnt>0</vatAmnt>
              <vatAmntTp>D</vatAmntTp>
            </vat>
          </trLine>
        </transaction>
        <transaction>
          <nr>325</nr>
          <desc>office 365 - 2019</desc>
          <periodNumber>10</periodNumber>
          <trDt>2019-10-01</trDt>
          <sourceID></sourceID>
          <userID></userID>
          <trLine>
            <nr>325.1.280</nr>
            <accID>1010</accID>
            <docRef></docRef>
            <effDate>2019-10-01</effDate>
            <desc>office 365 - 2019</desc>
            <amnt>126</amnt>
            <amntTp>C</amntTp>
            <custSupID></custSupID>
            <costID></costID>
            <prodID></prodID>
            <projID></projID>
            <vat>
              <vatID></vatID>
              <vatPerc>0</vatPerc>
              <vatAmnt>0</vatAmnt>
              <vatAmntTp>C</vatAmntTp>
            </vat>
          </trLine>
          <trLine>
            <nr>325.2.281</nr>
            <accID>1600</accID>
            <docRef></docRef>
            <effDate>2019-10-01</effDate>
            <desc>office 365 - 2019</desc>
            <amnt>26.46</amnt>
            <amntTp>D</amntTp>
            <custSupID></custSupID>
            <costID></costID>
            <prodID></prodID>
            <projID></projID>
            <vat>
              <vatID></vatID>
              <vatPerc>0</vatPerc>
              <vatAmnt>0</vatAmnt>
              <vatAmntTp>D</vatAmntTp>
            </vat>
          </trLine>
          <trLine>
            <nr>325.2.282</nr>
            <accID>1630</accID>
            <docRef></docRef>
            <effDate>2019-10-01</effDate>
            <desc>office 365 - 2019</desc>
            <amnt>26.46</amnt>
            <amntTp>C</amntTp>
            <custSupID></custSupID>
            <costID></costID>
            <prodID></prodID>
            <projID></projID>
            <vat>
              <vatID></vatID>
              <vatPerc>0</vatPerc>
              <vatAmnt>0</vatAmnt>
              <vatAmntTp>C</vatAmntTp>
            </vat>
          </trLine>
          <trLine>
            <nr>325.3.283</nr>
            <accID>4560</accID>
            <docRef></docRef>
            <effDate>2019-10-01</effDate>
            <desc>office 365 - 2019</desc>
            <amnt>126</amnt>
            <amntTp>D</amntTp>
            <custSupID></custSupID>
            <costID></costID>
            <prodID></prodID>
            <projID></projID>
            <vat>
              <vatID>BI_EU_INK</vatID>
              <vatPerc>0</vatPerc>
              <vatAmnt>0.00</vatAmnt>
              <vatAmntTp>D</vatAmntTp>
            </vat>
          </trLine>
        </transaction>
        <transaction>
          <nr>326</nr>
          <desc>scooter verzekering</desc>
          <periodNumber>10</periodNumber>
          <trDt>2019-10-03</trDt>
          <sourceID></sourceID>
          <userID></userID>
          <trLine>
            <nr>326.1.284</nr>
            <accID>1010</accID>
            <docRef></docRef>
            <effDate>2019-10-03</effDate>
            <desc>scooter verzekering</desc>
            <amnt>31.73</amnt>
            <amntTp>C</amntTp>
            <custSupID></custSupID>
            <costID></costID>
            <prodID></prodID>
            <projID></projID>
            <vat>
              <vatID></vatID>
              <vatPerc>0</vatPerc>
              <vatAmnt>0</vatAmnt>
              <vatAmntTp>C</vatAmntTp>
            </vat>
          </trLine>
          <trLine>
            <nr>326.2.285</nr>
            <accID>1600</accID>
            <docRef></docRef>
            <effDate>2019-10-03</effDate>
            <desc>scooter verzekering</desc>
            <amnt>5.51</amnt>
            <amntTp>D</amntTp>
            <custSupID></custSupID>
            <costID></costID>
            <prodID></prodID>
            <projID></projID>
            <vat>
              <vatID></vatID>
              <vatPerc>0</vatPerc>
              <vatAmnt>0</vatAmnt>
              <vatAmntTp>D</vatAmntTp>
            </vat>
          </trLine>
          <trLine>
            <nr>326.3.286</nr>
            <accID>4570</accID>
            <docRef></docRef>
            <effDate>2019-10-03</effDate>
            <desc>scooter verzekering</desc>
            <amnt>26.22</amnt>
            <amntTp>D</amntTp>
            <custSupID></custSupID>
            <costID></costID>
            <prodID></prodID>
            <projID></projID>
            <vat>
              <vatID>HOOG_INK_21</vatID>
              <vatPerc>21</vatPerc>
              <vatAmnt>5.51</vatAmnt>
              <vatAmntTp>D</vatAmntTp>
            </vat>
          </trLine>
        </transaction>
        <transaction>
          <nr>327</nr>
          <desc>Trans-ip domeinnaam delinfosol.com</desc>
          <periodNumber>10</periodNumber>
          <trDt>2019-10-08</trDt>
          <sourceID></sourceID>
          <userID></userID>
          <trLine>
            <nr>327.1.287</nr>
            <accID>1010</accID>
            <docRef></docRef>
            <effDate>2019-10-08</effDate>
            <desc>Trans-ip domeinnaam delinfosol.com</desc>
            <amnt>15.13</amnt>
            <amntTp>C</amntTp>
            <custSupID></custSupID>
            <costID></costID>
            <prodID></prodID>
            <projID></projID>
            <vat>
              <vatID></vatID>
              <vatPerc>0</vatPerc>
              <vatAmnt>0</vatAmnt>
              <vatAmntTp>C</vatAmntTp>
            </vat>
          </trLine>
          <trLine>
            <nr>327.2.288</nr>
            <accID>1600</accID>
            <docRef></docRef>
            <effDate>2019-10-08</effDate>
            <desc>Trans-ip domeinnaam delinfosol.com</desc>
            <amnt>2.63</amnt>
            <amntTp>D</amntTp>
            <custSupID></custSupID>
            <costID></costID>
            <prodID></prodID>
            <projID></projID>
            <vat>
              <vatID></vatID>
              <vatPerc>0</vatPerc>
              <vatAmnt>0</vatAmnt>
              <vatAmntTp>D</vatAmntTp>
            </vat>
          </trLine>
          <trLine>
            <nr>327.3.289</nr>
            <accID>4560</accID>
            <docRef></docRef>
            <effDate>2019-10-08</effDate>
            <desc>Trans-ip domeinnaam delinfosol.com</desc>
            <amnt>12.5</amnt>
            <amntTp>D</amntTp>
            <custSupID></custSupID>
            <costID></costID>
            <prodID></prodID>
            <projID></projID>
            <vat>
              <vatID>HOOG_INK_21</vatID>
              <vatPerc>21</vatPerc>
              <vatAmnt>2.63</vatAmnt>
              <vatAmntTp>D</vatAmntTp>
            </vat>
          </trLine>
        </transaction>
        <transaction>
          <nr>328</nr>
          <desc>kantoorspullen</desc>
          <periodNumber>10</periodNumber>
          <trDt>2019-10-10</trDt>
          <sourceID></sourceID>
          <userID></userID>
          <trLine>
            <nr>328.1.290</nr>
            <accID>1010</accID>
            <docRef></docRef>
            <effDate>2019-10-10</effDate>
            <desc>kantoorspullen</desc>
            <amnt>8.78</amnt>
            <amntTp>C</amntTp>
            <custSupID></custSupID>
            <costID></costID>
            <prodID></prodID>
            <projID></projID>
            <vat>
              <vatID></vatID>
              <vatPerc>0</vatPerc>
              <vatAmnt>0</vatAmnt>
              <vatAmntTp>C</vatAmntTp>
            </vat>
          </trLine>
          <trLine>
            <nr>328.2.291</nr>
            <accID>1600</accID>
            <docRef></docRef>
            <effDate>2019-10-10</effDate>
            <desc>kantoorspullen</desc>
            <amnt>1.52</amnt>
            <amntTp>D</amntTp>
            <custSupID></custSupID>
            <costID></costID>
            <prodID></prodID>
            <projID></projID>
            <vat>
              <vatID></vatID>
              <vatPerc>0</vatPerc>
              <vatAmnt>0</vatAmnt>
              <vatAmntTp>D</vatAmntTp>
            </vat>
          </trLine>
          <trLine>
            <nr>328.3.292</nr>
            <accID>4700</accID>
            <docRef></docRef>
            <effDate>2019-10-10</effDate>
            <desc>kantoorspullen</desc>
            <amnt>7.26</amnt>
            <amntTp>D</amntTp>
            <custSupID></custSupID>
            <costID></costID>
            <prodID></prodID>
            <projID></projID>
            <vat>
              <vatID>HOOG_INK_21</vatID>
              <vatPerc>21</vatPerc>
              <vatAmnt>1.52</vatAmnt>
              <vatAmntTp>D</vatAmntTp>
            </vat>
          </trLine>
        </transaction>
        <transaction>
          <nr>329</nr>
          <desc>kantoorspullen</desc>
          <periodNumber>10</periodNumber>
          <trDt>2019-10-16</trDt>
          <sourceID></sourceID>
          <userID></userID>
          <trLine>
            <nr>329.1.293</nr>
            <accID>1010</accID>
            <docRef></docRef>
            <effDate>2019-10-16</effDate>
            <desc>kantoorspullen</desc>
            <amnt>18.8</amnt>
            <amntTp>C</amntTp>
            <custSupID></custSupID>
            <costID></costID>
            <prodID></prodID>
            <projID></projID>
            <vat>
              <vatID></vatID>
              <vatPerc>0</vatPerc>
              <vatAmnt>0</vatAmnt>
              <vatAmntTp>C</vatAmntTp>
            </vat>
          </trLine>
          <trLine>
            <nr>329.2.294</nr>
            <accID>1600</accID>
            <docRef></docRef>
            <effDate>2019-10-16</effDate>
            <desc>kantoorspullen</desc>
            <amnt>3.26</amnt>
            <amntTp>D</amntTp>
            <custSupID></custSupID>
            <costID></costID>
            <prodID></prodID>
            <projID></projID>
            <vat>
              <vatID></vatID>
              <vatPerc>0</vatPerc>
              <vatAmnt>0</vatAmnt>
              <vatAmntTp>D</vatAmntTp>
            </vat>
          </trLine>
          <trLine>
            <nr>329.3.295</nr>
            <accID>4700</accID>
            <docRef></docRef>
            <effDate>2019-10-16</effDate>
            <desc>kantoorspullen</desc>
            <amnt>15.54</amnt>
            <amntTp>D</amntTp>
            <custSupID></custSupID>
            <costID></costID>
            <prodID></prodID>
            <projID></projID>
            <vat>
              <vatID>HOOG_INK_21</vatID>
              <vatPerc>21</vatPerc>
              <vatAmnt>3.26</vatAmnt>
              <vatAmntTp>D</vatAmntTp>
            </vat>
          </trLine>
        </transaction>
        <transaction>
          <nr>330</nr>
          <desc>skillsource</desc>
          <periodNumber>10</periodNumber>
          <trDt>2019-10-17</trDt>
          <sourceID></sourceID>
          <userID></userID>
          <trLine>
            <nr>330.1.296</nr>
            <accID>1010</accID>
            <docRef></docRef>
            <effDate>2019-10-17</effDate>
            <desc>skillsource</desc>
            <amnt>16.82</amnt>
            <amntTp>C</amntTp>
            <custSupID></custSupID>
            <costID></costID>
            <prodID></prodID>
            <projID></projID>
            <vat>
              <vatID></vatID>
              <vatPerc>0</vatPerc>
              <vatAmnt>0</vatAmnt>
              <vatAmntTp>C</vatAmntTp>
            </vat>
          </trLine>
          <trLine>
            <nr>330.2.297</nr>
            <accID>1600</accID>
            <docRef></docRef>
            <effDate>2019-10-17</effDate>
            <desc>skillsource</desc>
            <amnt>2.92</amnt>
            <amntTp>D</amntTp>
            <custSupID></custSupID>
            <costID></costID>
            <prodID></prodID>
            <projID></projID>
            <vat>
              <vatID></vatID>
              <vatPerc>0</vatPerc>
              <vatAmnt>0</vatAmnt>
              <vatAmntTp>D</vatAmntTp>
            </vat>
          </trLine>
          <trLine>
            <nr>330.3.298</nr>
            <accID>4560</accID>
            <docRef></docRef>
            <effDate>2019-10-17</effDate>
            <desc>skillsource</desc>
            <amnt>13.9</amnt>
            <amntTp>D</amntTp>
            <custSupID></custSupID>
            <costID></costID>
            <prodID></prodID>
            <projID></projID>
            <vat>
              <vatID>HOOG_INK_21</vatID>
              <vatPerc>21</vatPerc>
              <vatAmnt>2.92</vatAmnt>
              <vatAmntTp>D</vatAmntTp>
            </vat>
          </trLine>
        </transaction>
        <transaction>
          <nr>331</nr>
          <desc>vakliteratuur ebook</desc>
          <periodNumber>10</periodNumber>
          <trDt>2019-10-17</trDt>
          <sourceID></sourceID>
          <userID></userID>
          <trLine>
            <nr>331.1.299</nr>
            <accID>1010</accID>
            <docRef></docRef>
            <effDate>2019-10-17</effDate>
            <desc>vakliteratuur ebook</desc>
            <amnt>10.99</amnt>
            <amntTp>C</amntTp>
            <custSupID></custSupID>
            <costID></costID>
            <prodID></prodID>
            <projID></projID>
            <vat>
              <vatID></vatID>
              <vatPerc>0</vatPerc>
              <vatAmnt>0</vatAmnt>
              <vatAmntTp>C</vatAmntTp>
            </vat>
          </trLine>
          <trLine>
            <nr>331.2.300</nr>
            <accID>1600</accID>
            <docRef></docRef>
            <effDate>2019-10-17</effDate>
            <desc>vakliteratuur ebook</desc>
            <amnt>1.91</amnt>
            <amntTp>D</amntTp>
            <custSupID></custSupID>
            <costID></costID>
            <prodID></prodID>
            <projID></projID>
            <vat>
              <vatID></vatID>
              <vatPerc>0</vatPerc>
              <vatAmnt>0</vatAmnt>
              <vatAmntTp>D</vatAmntTp>
            </vat>
          </trLine>
          <trLine>
            <nr>331.3.301</nr>
            <accID>4860</accID>
            <docRef></docRef>
            <effDate>2019-10-17</effDate>
            <desc>vakliteratuur ebook</desc>
            <amnt>9.08</amnt>
            <amntTp>D</amntTp>
            <custSupID></custSupID>
            <costID></costID>
            <prodID></prodID>
            <projID></projID>
            <vat>
              <vatID>HOOG_INK_21</vatID>
              <vatPerc>21</vatPerc>
              <vatAmnt>1.91</vatAmnt>
              <vatAmntTp>D</vatAmntTp>
            </vat>
          </trLine>
        </transaction>
        <transaction>
          <nr>332</nr>
          <desc>kantoorspullen</desc>
          <periodNumber>10</periodNumber>
          <trDt>2019-10-26</trDt>
          <sourceID></sourceID>
          <userID></userID>
          <trLine>
            <nr>332.1.302</nr>
            <accID>1010</accID>
            <docRef></docRef>
            <effDate>2019-10-26</effDate>
            <desc>kantoorspullen</desc>
            <amnt>9.48</amnt>
            <amntTp>C</amntTp>
            <custSupID></custSupID>
            <costID></costID>
            <prodID></prodID>
            <projID></projID>
            <vat>
              <vatID></vatID>
              <vatPerc>0</vatPerc>
              <vatAmnt>0</vatAmnt>
              <vatAmntTp>C</vatAmntTp>
            </vat>
          </trLine>
          <trLine>
            <nr>332.2.303</nr>
            <accID>1600</accID>
            <docRef></docRef>
            <effDate>2019-10-26</effDate>
            <desc>kantoorspullen</desc>
            <amnt>1.65</amnt>
            <amntTp>D</amntTp>
            <custSupID></custSupID>
            <costID></costID>
            <prodID></prodID>
            <projID></projID>
            <vat>
              <vatID></vatID>
              <vatPerc>0</vatPerc>
              <vatAmnt>0</vatAmnt>
              <vatAmntTp>D</vatAmntTp>
            </vat>
          </trLine>
          <trLine>
            <nr>332.3.304</nr>
            <accID>4700</accID>
            <docRef></docRef>
            <effDate>2019-10-26</effDate>
            <desc>kantoorspullen</desc>
            <amnt>7.83</amnt>
            <amntTp>D</amntTp>
            <custSupID></custSupID>
            <costID></costID>
            <prodID></prodID>
            <projID></projID>
            <vat>
              <vatID>HOOG_INK_21</vatID>
              <vatPerc>21</vatPerc>
              <vatAmnt>1.65</vatAmnt>
              <vatAmntTp>D</vatAmntTp>
            </vat>
          </trLine>
        </transaction>
        <transaction>
          <nr>335</nr>
          <desc>betalen btw Q3</desc>
          <periodNumber>10</periodNumber>
          <trDt>2019-10-31</trDt>
          <sourceID></sourceID>
          <userID></userID>
          <trLine>
            <nr>335.1.305</nr>
            <accID>1010</accID>
            <docRef></docRef>
            <effDate>2019-10-31</effDate>
            <desc>betalen btw Q3</desc>
            <amnt>5914</amnt>
            <amntTp>C</amntTp>
            <custSupID></custSupID>
            <costID></costID>
            <prodID></prodID>
            <projID></projID>
            <vat>
              <vatID></vatID>
              <vatPerc>0</vatPerc>
              <vatAmnt>0</vatAmnt>
              <vatAmntTp>C</vatAmntTp>
            </vat>
          </trLine>
          <trLine>
            <nr>335.3.306</nr>
            <accID>1650</accID>
            <docRef></docRef>
            <effDate>2019-10-31</effDate>
            <desc>betalen btw Q3</desc>
            <amnt>5914</amnt>
            <amntTp>D</amntTp>
            <custSupID></custSupID>
            <costID></costID>
            <prodID></prodID>
            <projID></projID>
            <vat>
              <vatID></vatID>
              <vatPerc>0</vatPerc>
              <vatAmnt>0</vatAmnt>
              <vatAmntTp>D</vatAmntTp>
            </vat>
          </trLine>
        </transaction>
        <transaction>
          <nr>336</nr>
          <desc>Betaling 1911</desc>
          <periodNumber>11</periodNumber>
          <trDt>2019-11-12</trDt>
          <sourceID></sourceID>
          <userID></userID>
          <trLine>
            <nr>336.1.307</nr>
            <accID>1010</accID>
            <docRef>246864246.30</docRef>
            <effDate>2019-11-12</effDate>
            <desc>Betaling 1911</desc>
            <amnt>18585.6</amnt>
            <amntTp>D</amntTp>
            <custSupID>HARVEY N</custSupID>
            <costID></costID>
            <prodID></prodID>
            <projID></projID>
            <vat>
              <vatID></vatID>
              <vatPerc>0</vatPerc>
              <vatAmnt>0</vatAmnt>
              <vatAmntTp>D</vatAmntTp>
            </vat>
          </trLine>
          <trLine>
            <nr>336.3.308</nr>
            <accID>1300</accID>
            <docRef>246864246.30</docRef>
            <effDate>2019-11-12</effDate>
            <desc>Betaling 1911</desc>
            <amnt>18585.6</amnt>
            <amntTp>C</amntTp>
            <custSupID>HARVEY N</custSupID>
            <costID></costID>
            <prodID></prodID>
            <projID></projID>
            <vat>
              <vatID></vatID>
              <vatPerc>0</vatPerc>
              <vatAmnt>0</vatAmnt>
              <vatAmntTp>C</vatAmntTp>
            </vat>
          </trLine>
        </transaction>
        <transaction>
          <nr>339</nr>
          <desc>prive opnames 11-2019</desc>
          <periodNumber>11</periodNumber>
          <trDt>2019-11-18</trDt>
          <sourceID></sourceID>
          <userID></userID>
          <trLine>
            <nr>339.1.309</nr>
            <accID>1010</accID>
            <docRef></docRef>
            <effDate>2019-11-18</effDate>
            <desc>prive opnames 11-2019</desc>
            <amnt>11000</amnt>
            <amntTp>C</amntTp>
            <custSupID></custSupID>
            <costID></costID>
            <prodID></prodID>
            <projID></projID>
            <vat>
              <vatID></vatID>
              <vatPerc>0</vatPerc>
              <vatAmnt>0</vatAmnt>
              <vatAmntTp>C</vatAmntTp>
            </vat>
          </trLine>
          <trLine>
            <nr>339.3.310</nr>
            <accID>1410</accID>
            <docRef></docRef>
            <effDate>2019-11-18</effDate>
            <desc>prive opnames 11-2019</desc>
            <amnt>11000</amnt>
            <amntTp>D</amntTp>
            <custSupID></custSupID>
            <costID></costID>
            <prodID></prodID>
            <projID></projID>
            <vat>
              <vatID></vatID>
              <vatPerc>0</vatPerc>
              <vatAmnt>0</vatAmnt>
              <vatAmntTp>D</vatAmntTp>
            </vat>
          </trLine>
        </transaction>
        <transaction>
          <nr>340</nr>
          <desc>benzine scooter</desc>
          <periodNumber>11</periodNumber>
          <trDt>2019-11-08</trDt>
          <sourceID></sourceID>
          <userID></userID>
          <trLine>
            <nr>340.1.311</nr>
            <accID>1010</accID>
            <docRef></docRef>
            <effDate>2019-11-08</effDate>
            <desc>benzine scooter</desc>
            <amnt>6.61</amnt>
            <amntTp>C</amntTp>
            <custSupID></custSupID>
            <costID></costID>
            <prodID></prodID>
            <projID></projID>
            <vat>
              <vatID></vatID>
              <vatPerc>0</vatPerc>
              <vatAmnt>0</vatAmnt>
              <vatAmntTp>C</vatAmntTp>
            </vat>
          </trLine>
          <trLine>
            <nr>340.2.312</nr>
            <accID>1600</accID>
            <docRef></docRef>
            <effDate>2019-11-08</effDate>
            <desc>benzine scooter</desc>
            <amnt>1.15</amnt>
            <amntTp>D</amntTp>
            <custSupID></custSupID>
            <costID></costID>
            <prodID></prodID>
            <projID></projID>
            <vat>
              <vatID></vatID>
              <vatPerc>0</vatPerc>
              <vatAmnt>0</vatAmnt>
              <vatAmntTp>D</vatAmntTp>
            </vat>
          </trLine>
          <trLine>
            <nr>340.3.313</nr>
            <accID>4570</accID>
            <docRef></docRef>
            <effDate>2019-11-08</effDate>
            <desc>benzine scooter</desc>
            <amnt>5.46</amnt>
            <amntTp>D</amntTp>
            <custSupID></custSupID>
            <costID></costID>
            <prodID></prodID>
            <projID></projID>
            <vat>
              <vatID>HOOG_INK_21</vatID>
              <vatPerc>21</vatPerc>
              <vatAmnt>1.15</vatAmnt>
              <vatAmntTp>D</vatAmntTp>
            </vat>
          </trLine>
        </transaction>
        <transaction>
          <nr>341</nr>
          <desc>verzekering scooter 11-2019</desc>
          <periodNumber>11</periodNumber>
          <trDt>2019-11-05</trDt>
          <sourceID></sourceID>
          <userID></userID>
          <trLine>
            <nr>341.1.314</nr>
            <accID>1010</accID>
            <docRef></docRef>
            <effDate>2019-11-05</effDate>
            <desc>verzekering scooter 11-2019</desc>
            <amnt>31.73</amnt>
            <amntTp>C</amntTp>
            <custSupID></custSupID>
            <costID></costID>
            <prodID></prodID>
            <projID></projID>
            <vat>
              <vatID></vatID>
              <vatPerc>0</vatPerc>
              <vatAmnt>0</vatAmnt>
              <vatAmntTp>C</vatAmntTp>
            </vat>
          </trLine>
          <trLine>
            <nr>341.2.315</nr>
            <accID>1600</accID>
            <docRef></docRef>
            <effDate>2019-11-05</effDate>
            <desc>verzekering scooter 11-2019</desc>
            <amnt>5.51</amnt>
            <amntTp>D</amntTp>
            <custSupID></custSupID>
            <costID></costID>
            <prodID></prodID>
            <projID></projID>
            <vat>
              <vatID></vatID>
              <vatPerc>0</vatPerc>
              <vatAmnt>0</vatAmnt>
              <vatAmntTp>D</vatAmntTp>
            </vat>
          </trLine>
          <trLine>
            <nr>341.3.316</nr>
            <accID>4570</accID>
            <docRef></docRef>
            <effDate>2019-11-05</effDate>
            <desc>verzekering scooter 11-2019</desc>
            <amnt>26.22</amnt>
            <amntTp>D</amntTp>
            <custSupID></custSupID>
            <costID></costID>
            <prodID></prodID>
            <projID></projID>
            <vat>
              <vatID>HOOG_INK_21</vatID>
              <vatPerc>21</vatPerc>
              <vatAmnt>5.51</vatAmnt>
              <vatAmntTp>D</vatAmntTp>
            </vat>
          </trLine>
        </transaction>
        <transaction>
          <nr>342</nr>
          <desc>knab 11-2019</desc>
          <periodNumber>11</periodNumber>
          <trDt>2019-11-01</trDt>
          <sourceID></sourceID>
          <userID></userID>
          <trLine>
            <nr>342.1.317</nr>
            <accID>1010</accID>
            <docRef></docRef>
            <effDate>2019-11-01</effDate>
            <desc>knab 11-2019</desc>
            <amnt>5</amnt>
            <amntTp>C</amntTp>
            <custSupID></custSupID>
            <costID></costID>
            <prodID></prodID>
            <projID></projID>
            <vat>
              <vatID></vatID>
              <vatPerc>0</vatPerc>
              <vatAmnt>0</vatAmnt>
              <vatAmntTp>C</vatAmntTp>
            </vat>
          </trLine>
          <trLine>
            <nr>342.3.318</nr>
            <accID>4550</accID>
            <docRef></docRef>
            <effDate>2019-11-01</effDate>
            <desc>knab 11-2019</desc>
            <amnt>5</amnt>
            <amntTp>D</amntTp>
            <custSupID></custSupID>
            <costID></costID>
            <prodID></prodID>
            <projID></projID>
            <vat>
              <vatID></vatID>
              <vatPerc>0</vatPerc>
              <vatAmnt>0</vatAmnt>
              <vatAmntTp>D</vatAmntTp>
            </vat>
          </trLine>
        </transaction>
        <transaction>
          <nr>347</nr>
          <desc>Betaling Tele2 1912</desc>
          <periodNumber>12</periodNumber>
          <trDt>2019-12-17</trDt>
          <sourceID></sourceID>
          <userID></userID>
          <trLine>
            <nr>347.1.319</nr>
            <accID>1010</accID>
            <docRef>246864246.31</docRef>
            <effDate>2019-12-17</effDate>
            <desc>Betaling Tele2 1912</desc>
            <amnt>11616</amnt>
            <amntTp>D</amntTp>
            <custSupID>HARVEY N</custSupID>
            <costID></costID>
            <prodID></prodID>
            <projID></projID>
            <vat>
              <vatID></vatID>
              <vatPerc>0</vatPerc>
              <vatAmnt>0</vatAmnt>
              <vatAmntTp>D</vatAmntTp>
            </vat>
          </trLine>
          <trLine>
            <nr>347.3.320</nr>
            <accID>1300</accID>
            <docRef>246864246.31</docRef>
            <effDate>2019-12-17</effDate>
            <desc>Betaling Tele2 1912</desc>
            <amnt>11616</amnt>
            <amntTp>C</amntTp>
            <custSupID>HARVEY N</custSupID>
            <costID></costID>
            <prodID></prodID>
            <projID></projID>
            <vat>
              <vatID></vatID>
              <vatPerc>0</vatPerc>
              <vatAmnt>0</vatAmnt>
              <vatAmntTp>C</vatAmntTp>
            </vat>
          </trLine>
        </transaction>
        <transaction>
          <nr>348</nr>
          <desc>Betaling 1913</desc>
          <periodNumber>12</periodNumber>
          <trDt>2019-12-17</trDt>
          <sourceID></sourceID>
          <userID></userID>
          <trLine>
            <nr>348.1.321</nr>
            <accID>1010</accID>
            <docRef>246864246.32</docRef>
            <effDate>2019-12-17</effDate>
            <desc>Betaling 1913</desc>
            <amnt>18779.2</amnt>
            <amntTp>D</amntTp>
            <custSupID>HARVEY N</custSupID>
            <costID></costID>
            <prodID></prodID>
            <projID></projID>
            <vat>
              <vatID></vatID>
              <vatPerc>0</vatPerc>
              <vatAmnt>0</vatAmnt>
              <vatAmntTp>D</vatAmntTp>
            </vat>
          </trLine>
          <trLine>
            <nr>348.3.322</nr>
            <accID>1300</accID>
            <docRef>246864246.32</docRef>
            <effDate>2019-12-17</effDate>
            <desc>Betaling 1913</desc>
            <amnt>18779.2</amnt>
            <amntTp>C</amntTp>
            <custSupID>HARVEY N</custSupID>
            <costID></costID>
            <prodID></prodID>
            <projID></projID>
            <vat>
              <vatID></vatID>
              <vatPerc>0</vatPerc>
              <vatAmnt>0</vatAmnt>
              <vatAmntTp>C</vatAmntTp>
            </vat>
          </trLine>
        </transaction>
        <transaction>
          <nr>353</nr>
          <desc>Skillsource eboekhouden. 1911. Factuurnummer 61758675</desc>
          <periodNumber>11</periodNumber>
          <trDt>2019-11-14</trDt>
          <sourceID></sourceID>
          <userID></userID>
          <trLine>
            <nr>353.1.323</nr>
            <accID>1010</accID>
            <docRef></docRef>
            <effDate>2019-11-14</effDate>
            <desc>Skillsource eboekhouden. 1911. Factuurnummer 61758675</desc>
            <amnt>16.82</amnt>
            <amntTp>C</amntTp>
            <custSupID></custSupID>
            <costID></costID>
            <prodID></prodID>
            <projID></projID>
            <vat>
              <vatID></vatID>
              <vatPerc>0</vatPerc>
              <vatAmnt>0</vatAmnt>
              <vatAmntTp>C</vatAmntTp>
            </vat>
          </trLine>
          <trLine>
            <nr>353.2.324</nr>
            <accID>1600</accID>
            <docRef></docRef>
            <effDate>2019-11-14</effDate>
            <desc>Skillsource eboekhouden. 1911. Factuurnummer 61758675</desc>
            <amnt>2.92</amnt>
            <amntTp>D</amntTp>
            <custSupID></custSupID>
            <costID></costID>
            <prodID></prodID>
            <projID></projID>
            <vat>
              <vatID></vatID>
              <vatPerc>0</vatPerc>
              <vatAmnt>0</vatAmnt>
              <vatAmntTp>D</vatAmntTp>
            </vat>
          </trLine>
          <trLine>
            <nr>353.3.325</nr>
            <accID>4560</accID>
            <docRef></docRef>
            <effDate>2019-11-14</effDate>
            <desc>Skillsource eboekhouden. 1911. Factuurnummer 61758675</desc>
            <amnt>13.9</amnt>
            <amntTp>D</amntTp>
            <custSupID></custSupID>
            <costID></costID>
            <prodID></prodID>
            <projID></projID>
            <vat>
              <vatID>HOOG_INK_21</vatID>
              <vatPerc>21</vatPerc>
              <vatAmnt>2.92</vatAmnt>
              <vatAmntTp>D</vatAmntTp>
            </vat>
          </trLine>
        </transaction>
        <transaction>
          <nr>354</nr>
          <desc>skillsource eboekhouden. Factuur: 61795769</desc>
          <periodNumber>12</periodNumber>
          <trDt>2019-12-14</trDt>
          <sourceID></sourceID>
          <userID></userID>
          <trLine>
            <nr>354.1.326</nr>
            <accID>1010</accID>
            <docRef></docRef>
            <effDate>2019-12-14</effDate>
            <desc>skillsource eboekhouden. Factuur: 61795769</desc>
            <amnt>16.82</amnt>
            <amntTp>C</amntTp>
            <custSupID></custSupID>
            <costID></costID>
            <prodID></prodID>
            <projID></projID>
            <vat>
              <vatID></vatID>
              <vatPerc>0</vatPerc>
              <vatAmnt>0</vatAmnt>
              <vatAmntTp>C</vatAmntTp>
            </vat>
          </trLine>
          <trLine>
            <nr>354.2.327</nr>
            <accID>1600</accID>
            <docRef></docRef>
            <effDate>2019-12-14</effDate>
            <desc>skillsource eboekhouden. Factuur: 61795769</desc>
            <amnt>2.92</amnt>
            <amntTp>D</amntTp>
            <custSupID></custSupID>
            <costID></costID>
            <prodID></prodID>
            <projID></projID>
            <vat>
              <vatID></vatID>
              <vatPerc>0</vatPerc>
              <vatAmnt>0</vatAmnt>
              <vatAmntTp>D</vatAmntTp>
            </vat>
          </trLine>
          <trLine>
            <nr>354.3.328</nr>
            <accID>4560</accID>
            <docRef></docRef>
            <effDate>2019-12-14</effDate>
            <desc>skillsource eboekhouden. Factuur: 61795769</desc>
            <amnt>13.9</amnt>
            <amntTp>D</amntTp>
            <custSupID></custSupID>
            <costID></costID>
            <prodID></prodID>
            <projID></projID>
            <vat>
              <vatID>HOOG_INK_21</vatID>
              <vatPerc>21</vatPerc>
              <vatAmnt>2.92</vatAmnt>
              <vatAmntTp>D</vatAmntTp>
            </vat>
          </trLine>
        </transaction>
        <transaction>
          <nr>357</nr>
          <desc>rente knab</desc>
          <periodNumber>1</periodNumber>
          <trDt>2019-01-02</trDt>
          <sourceID></sourceID>
          <userID></userID>
          <trLine>
            <nr>357.1.329</nr>
            <accID>1010</accID>
            <docRef></docRef>
            <effDate>2019-01-02</effDate>
            <desc>rente knab</desc>
            <amnt>25.69</amnt>
            <amntTp>D</amntTp>
            <custSupID></custSupID>
            <costID></costID>
            <prodID></prodID>
            <projID></projID>
            <vat>
              <vatID></vatID>
              <vatPerc>0</vatPerc>
              <vatAmnt>0</vatAmnt>
              <vatAmntTp>D</vatAmntTp>
            </vat>
          </trLine>
          <trLine>
            <nr>357.3.330</nr>
            <accID>8410</accID>
            <docRef></docRef>
            <effDate>2019-01-02</effDate>
            <desc>rente knab</desc>
            <amnt>25.69</amnt>
            <amntTp>C</amntTp>
            <custSupID></custSupID>
            <costID></costID>
            <prodID></prodID>
            <projID></projID>
            <vat>
              <vatID></vatID>
              <vatPerc>0</vatPerc>
              <vatAmnt>0</vatAmnt>
              <vatAmntTp>C</vatAmntTp>
            </vat>
          </trLine>
        </transaction>
        <transaction>
          <nr>358</nr>
          <desc>rente knab</desc>
          <periodNumber>4</periodNumber>
          <trDt>2019-04-01</trDt>
          <sourceID></sourceID>
          <userID></userID>
          <trLine>
            <nr>358.1.331</nr>
            <accID>1010</accID>
            <docRef></docRef>
            <effDate>2019-04-01</effDate>
            <desc>rente knab</desc>
            <amnt>15.31</amnt>
            <amntTp>D</amntTp>
            <custSupID></custSupID>
            <costID></costID>
            <prodID></prodID>
            <projID></projID>
            <vat>
              <vatID></vatID>
              <vatPerc>0</vatPerc>
              <vatAmnt>0</vatAmnt>
              <vatAmntTp>D</vatAmntTp>
            </vat>
          </trLine>
          <trLine>
            <nr>358.3.332</nr>
            <accID>8410</accID>
            <docRef></docRef>
            <effDate>2019-04-01</effDate>
            <desc>rente knab</desc>
            <amnt>15.31</amnt>
            <amntTp>C</amntTp>
            <custSupID></custSupID>
            <costID></costID>
            <prodID></prodID>
            <projID></projID>
            <vat>
              <vatID></vatID>
              <vatPerc>0</vatPerc>
              <vatAmnt>0</vatAmnt>
              <vatAmntTp>C</vatAmntTp>
            </vat>
          </trLine>
        </transaction>
        <transaction>
          <nr>359</nr>
          <desc>leven 08 2019</desc>
          <periodNumber>7</periodNumber>
          <trDt>2019-07-29</trDt>
          <sourceID></sourceID>
          <userID></userID>
          <trLine>
            <nr>359.1.333</nr>
            <accID>1010</accID>
            <docRef></docRef>
            <effDate>2019-07-29</effDate>
            <desc>leven 08 2019</desc>
            <amnt>2000</amnt>
            <amntTp>C</amntTp>
            <custSupID></custSupID>
            <costID></costID>
            <prodID></prodID>
            <projID></projID>
            <vat>
              <vatID></vatID>
              <vatPerc>0</vatPerc>
              <vatAmnt>0</vatAmnt>
              <vatAmntTp>C</vatAmntTp>
            </vat>
          </trLine>
          <trLine>
            <nr>359.3.334</nr>
            <accID>1410</accID>
            <docRef></docRef>
            <effDate>2019-07-29</effDate>
            <desc>leven 08 2019</desc>
            <amnt>2000</amnt>
            <amntTp>D</amntTp>
            <custSupID></custSupID>
            <costID></costID>
            <prodID></prodID>
            <projID></projID>
            <vat>
              <vatID></vatID>
              <vatPerc>0</vatPerc>
              <vatAmnt>0</vatAmnt>
              <vatAmntTp>D</vatAmntTp>
            </vat>
          </trLine>
        </transaction>
        <transaction>
          <nr>360</nr>
          <desc>leven 07 2019</desc>
          <periodNumber>7</periodNumber>
          <trDt>2019-07-22</trDt>
          <sourceID></sourceID>
          <userID></userID>
          <trLine>
            <nr>360.1.335</nr>
            <accID>1010</accID>
            <docRef></docRef>
            <effDate>2019-07-22</effDate>
            <desc>leven 07 2019</desc>
            <amnt>2000</amnt>
            <amntTp>C</amntTp>
            <custSupID></custSupID>
            <costID></costID>
            <prodID></prodID>
            <projID></projID>
            <vat>
              <vatID></vatID>
              <vatPerc>0</vatPerc>
              <vatAmnt>0</vatAmnt>
              <vatAmntTp>C</vatAmntTp>
            </vat>
          </trLine>
          <trLine>
            <nr>360.3.336</nr>
            <accID>1410</accID>
            <docRef></docRef>
            <effDate>2019-07-22</effDate>
            <desc>leven 07 2019</desc>
            <amnt>2000</amnt>
            <amntTp>D</amntTp>
            <custSupID></custSupID>
            <costID></costID>
            <prodID></prodID>
            <projID></projID>
            <vat>
              <vatID></vatID>
              <vatPerc>0</vatPerc>
              <vatAmnt>0</vatAmnt>
              <vatAmntTp>D</vatAmntTp>
            </vat>
          </trLine>
        </transaction>
        <transaction>
          <nr>361</nr>
          <desc>leven 07 2019</desc>
          <periodNumber>7</periodNumber>
          <trDt>2019-07-04</trDt>
          <sourceID></sourceID>
          <userID></userID>
          <trLine>
            <nr>361.1.337</nr>
            <accID>1010</accID>
            <docRef></docRef>
            <effDate>2019-07-04</effDate>
            <desc>leven 07 2019</desc>
            <amnt>1000</amnt>
            <amntTp>C</amntTp>
            <custSupID></custSupID>
            <costID></costID>
            <prodID></prodID>
            <projID></projID>
            <vat>
              <vatID></vatID>
              <vatPerc>0</vatPerc>
              <vatAmnt>0</vatAmnt>
              <vatAmntTp>C</vatAmntTp>
            </vat>
          </trLine>
          <trLine>
            <nr>361.3.338</nr>
            <accID>1410</accID>
            <docRef></docRef>
            <effDate>2019-07-04</effDate>
            <desc>leven 07 2019</desc>
            <amnt>1000</amnt>
            <amntTp>D</amntTp>
            <custSupID></custSupID>
            <costID></costID>
            <prodID></prodID>
            <projID></projID>
            <vat>
              <vatID></vatID>
              <vatPerc>0</vatPerc>
              <vatAmnt>0</vatAmnt>
              <vatAmntTp>D</vatAmntTp>
            </vat>
          </trLine>
        </transaction>
        <transaction>
          <nr>362</nr>
          <desc>Rente</desc>
          <periodNumber>10</periodNumber>
          <trDt>2019-10-01</trDt>
          <sourceID></sourceID>
          <userID></userID>
          <trLine>
            <nr>362.1.339</nr>
            <accID>1010</accID>
            <docRef></docRef>
            <effDate>2019-10-01</effDate>
            <desc>Rente</desc>
            <amnt>12.91</amnt>
            <amntTp>D</amntTp>
            <custSupID></custSupID>
            <costID></costID>
            <prodID></prodID>
            <projID></projID>
            <vat>
              <vatID></vatID>
              <vatPerc>0</vatPerc>
              <vatAmnt>0</vatAmnt>
              <vatAmntTp>D</vatAmntTp>
            </vat>
          </trLine>
          <trLine>
            <nr>362.3.340</nr>
            <accID>8410</accID>
            <docRef></docRef>
            <effDate>2019-10-01</effDate>
            <desc>Rente</desc>
            <amnt>12.91</amnt>
            <amntTp>C</amntTp>
            <custSupID></custSupID>
            <costID></costID>
            <prodID></prodID>
            <projID></projID>
            <vat>
              <vatID></vatID>
              <vatPerc>0</vatPerc>
              <vatAmnt>0</vatAmnt>
              <vatAmntTp>C</vatAmntTp>
            </vat>
          </trLine>
        </transaction>
        <transaction>
          <nr>364</nr>
          <desc>kantoorspullen</desc>
          <periodNumber>11</periodNumber>
          <trDt>2019-11-26</trDt>
          <sourceID></sourceID>
          <userID></userID>
          <trLine>
            <nr>364.1.341</nr>
            <accID>1010</accID>
            <docRef></docRef>
            <effDate>2019-11-26</effDate>
            <desc>kantoorspullen</desc>
            <amnt>7.15</amnt>
            <amntTp>C</amntTp>
            <custSupID></custSupID>
            <costID></costID>
            <prodID></prodID>
            <projID></projID>
            <vat>
              <vatID></vatID>
              <vatPerc>0</vatPerc>
              <vatAmnt>0</vatAmnt>
              <vatAmntTp>C</vatAmntTp>
            </vat>
          </trLine>
          <trLine>
            <nr>364.2.342</nr>
            <accID>1600</accID>
            <docRef></docRef>
            <effDate>2019-11-26</effDate>
            <desc>kantoorspullen</desc>
            <amnt>1.24</amnt>
            <amntTp>D</amntTp>
            <custSupID></custSupID>
            <costID></costID>
            <prodID></prodID>
            <projID></projID>
            <vat>
              <vatID></vatID>
              <vatPerc>0</vatPerc>
              <vatAmnt>0</vatAmnt>
              <vatAmntTp>D</vatAmntTp>
            </vat>
          </trLine>
          <trLine>
            <nr>364.3.343</nr>
            <accID>4700</accID>
            <docRef></docRef>
            <effDate>2019-11-26</effDate>
            <desc>kantoorspullen</desc>
            <amnt>5.91</amnt>
            <amntTp>D</amntTp>
            <custSupID></custSupID>
            <costID></costID>
            <prodID></prodID>
            <projID></projID>
            <vat>
              <vatID>HOOG_INK_21</vatID>
              <vatPerc>21</vatPerc>
              <vatAmnt>1.24</vatAmnt>
              <vatAmntTp>D</vatAmntTp>
            </vat>
          </trLine>
        </transaction>
        <transaction>
          <nr>365</nr>
          <desc>Opwaarderen mobiel Lebera</desc>
          <periodNumber>11</periodNumber>
          <trDt>2019-11-28</trDt>
          <sourceID></sourceID>
          <userID></userID>
          <trLine>
            <nr>365.1.344</nr>
            <accID>1010</accID>
            <docRef></docRef>
            <effDate>2019-11-28</effDate>
            <desc>Opwaarderen mobiel Lebera</desc>
            <amnt>10</amnt>
            <amntTp>C</amntTp>
            <custSupID></custSupID>
            <costID></costID>
            <prodID></prodID>
            <projID></projID>
            <vat>
              <vatID></vatID>
              <vatPerc>0</vatPerc>
              <vatAmnt>0</vatAmnt>
              <vatAmntTp>C</vatAmntTp>
            </vat>
          </trLine>
          <trLine>
            <nr>365.2.345</nr>
            <accID>1600</accID>
            <docRef></docRef>
            <effDate>2019-11-28</effDate>
            <desc>Opwaarderen mobiel Lebera</desc>
            <amnt>1.74</amnt>
            <amntTp>D</amntTp>
            <custSupID></custSupID>
            <costID></costID>
            <prodID></prodID>
            <projID></projID>
            <vat>
              <vatID></vatID>
              <vatPerc>0</vatPerc>
              <vatAmnt>0</vatAmnt>
              <vatAmntTp>D</vatAmntTp>
            </vat>
          </trLine>
          <trLine>
            <nr>365.3.346</nr>
            <accID>4750</accID>
            <docRef></docRef>
            <effDate>2019-11-28</effDate>
            <desc>Opwaarderen mobiel Lebera</desc>
            <amnt>8.26</amnt>
            <amntTp>D</amntTp>
            <custSupID></custSupID>
            <costID></costID>
            <prodID></prodID>
            <projID></projID>
            <vat>
              <vatID>HOOG_INK_21</vatID>
              <vatPerc>21</vatPerc>
              <vatAmnt>1.74</vatAmnt>
              <vatAmntTp>D</vatAmntTp>
            </vat>
          </trLine>
        </transaction>
        <transaction>
          <nr>366</nr>
          <desc>knab pakketkosten</desc>
          <periodNumber>12</periodNumber>
          <trDt>2019-12-01</trDt>
          <sourceID></sourceID>
          <userID></userID>
          <trLine>
            <nr>366.1.347</nr>
            <accID>1010</accID>
            <docRef></docRef>
            <effDate>2019-12-01</effDate>
            <desc>knab pakketkosten</desc>
            <amnt>5</amnt>
            <amntTp>C</amntTp>
            <custSupID></custSupID>
            <costID></costID>
            <prodID></prodID>
            <projID></projID>
            <vat>
              <vatID></vatID>
              <vatPerc>0</vatPerc>
              <vatAmnt>0</vatAmnt>
              <vatAmntTp>C</vatAmntTp>
            </vat>
          </trLine>
          <trLine>
            <nr>366.3.348</nr>
            <accID>4550</accID>
            <docRef></docRef>
            <effDate>2019-12-01</effDate>
            <desc>knab pakketkosten</desc>
            <amnt>5</amnt>
            <amntTp>D</amntTp>
            <custSupID></custSupID>
            <costID></costID>
            <prodID></prodID>
            <projID></projID>
            <vat>
              <vatID></vatID>
              <vatPerc>0</vatPerc>
              <vatAmnt>0</vatAmnt>
              <vatAmntTp>D</vatAmntTp>
            </vat>
          </trLine>
        </transaction>
        <transaction>
          <nr>367</nr>
          <desc>Verzekering scooter</desc>
          <periodNumber>12</periodNumber>
          <trDt>2019-12-03</trDt>
          <sourceID></sourceID>
          <userID></userID>
          <trLine>
            <nr>367.1.349</nr>
            <accID>1010</accID>
            <docRef></docRef>
            <effDate>2019-12-03</effDate>
            <desc>Verzekering scooter</desc>
            <amnt>31.75</amnt>
            <amntTp>C</amntTp>
            <custSupID></custSupID>
            <costID></costID>
            <prodID></prodID>
            <projID></projID>
            <vat>
              <vatID></vatID>
              <vatPerc>0</vatPerc>
              <vatAmnt>0</vatAmnt>
              <vatAmntTp>C</vatAmntTp>
            </vat>
          </trLine>
          <trLine>
            <nr>367.2.350</nr>
            <accID>1600</accID>
            <docRef></docRef>
            <effDate>2019-12-03</effDate>
            <desc>Verzekering scooter</desc>
            <amnt>5.51</amnt>
            <amntTp>D</amntTp>
            <custSupID></custSupID>
            <costID></costID>
            <prodID></prodID>
            <projID></projID>
            <vat>
              <vatID></vatID>
              <vatPerc>0</vatPerc>
              <vatAmnt>0</vatAmnt>
              <vatAmntTp>D</vatAmntTp>
            </vat>
          </trLine>
          <trLine>
            <nr>367.3.351</nr>
            <accID>4570</accID>
            <docRef></docRef>
            <effDate>2019-12-03</effDate>
            <desc>Verzekering scooter</desc>
            <amnt>26.24</amnt>
            <amntTp>D</amntTp>
            <custSupID></custSupID>
            <costID></costID>
            <prodID></prodID>
            <projID></projID>
            <vat>
              <vatID>HOOG_INK_21</vatID>
              <vatPerc>21</vatPerc>
              <vatAmnt>5.51</vatAmnt>
              <vatAmntTp>D</vatAmntTp>
            </vat>
          </trLine>
        </transaction>
        <transaction>
          <nr>368</nr>
          <desc>benzine scooter. Regenbroek</desc>
          <periodNumber>12</periodNumber>
          <trDt>2019-12-23</trDt>
          <sourceID></sourceID>
          <userID></userID>
          <trLine>
            <nr>368.1.352</nr>
            <accID>1010</accID>
            <docRef></docRef>
            <effDate>2019-12-23</effDate>
            <desc>benzine scooter. Regenbroek</desc>
            <amnt>36.68</amnt>
            <amntTp>C</amntTp>
            <custSupID></custSupID>
            <costID></costID>
            <prodID></prodID>
            <projID></projID>
            <vat>
              <vatID></vatID>
              <vatPerc>0</vatPerc>
              <vatAmnt>0</vatAmnt>
              <vatAmntTp>C</vatAmntTp>
            </vat>
          </trLine>
          <trLine>
            <nr>368.2.353</nr>
            <accID>1600</accID>
            <docRef></docRef>
            <effDate>2019-12-23</effDate>
            <desc>benzine scooter. Regenbroek</desc>
            <amnt>6.37</amnt>
            <amntTp>D</amntTp>
            <custSupID></custSupID>
            <costID></costID>
            <prodID></prodID>
            <projID></projID>
            <vat>
              <vatID></vatID>
              <vatPerc>0</vatPerc>
              <vatAmnt>0</vatAmnt>
              <vatAmntTp>D</vatAmntTp>
            </vat>
          </trLine>
          <trLine>
            <nr>368.3.354</nr>
            <accID>4570</accID>
            <docRef></docRef>
            <effDate>2019-12-23</effDate>
            <desc>benzine scooter. Regenbroek</desc>
            <amnt>30.31</amnt>
            <amntTp>D</amntTp>
            <custSupID></custSupID>
            <costID></costID>
            <prodID></prodID>
            <projID></projID>
            <vat>
              <vatID>HOOG_INK_21</vatID>
              <vatPerc>21</vatPerc>
              <vatAmnt>6.37</vatAmnt>
              <vatAmntTp>D</vatAmntTp>
            </vat>
          </trLine>
        </transaction>
        <transaction>
          <nr>369</nr>
          <desc>prive-opnames 12-2019. [5000 naar 01-2020 geboekt ivm fout in knab jaaroverzicht]</desc>
          <periodNumber>12</periodNumber>
          <trDt>2019-12-29</trDt>
          <sourceID></sourceID>
          <userID></userID>
          <trLine>
            <nr>369.1.355</nr>
            <accID>1010</accID>
            <docRef></docRef>
            <effDate>2019-12-29</effDate>
            <desc>prive-opnames 12-2019. [5000 naar 01-2020 geboekt ivm fout in knab jaaroverzicht]</desc>
            <amnt>7500</amnt>
            <amntTp>C</amntTp>
            <custSupID></custSupID>
            <costID></costID>
            <prodID></prodID>
            <projID></projID>
            <vat>
              <vatID></vatID>
              <vatPerc>0</vatPerc>
              <vatAmnt>0</vatAmnt>
              <vatAmntTp>C</vatAmntTp>
            </vat>
          </trLine>
          <trLine>
            <nr>369.3.356</nr>
            <accID>1410</accID>
            <docRef></docRef>
            <effDate>2019-12-29</effDate>
            <desc>prive-opnames 12-2019. [5000 naar 01-2020 geboekt ivm fout in knab jaaroverzicht]</desc>
            <amnt>7500</amnt>
            <amntTp>D</amntTp>
            <custSupID></custSupID>
            <costID></costID>
            <prodID></prodID>
            <projID></projID>
            <vat>
              <vatID></vatID>
              <vatPerc>0</vatPerc>
              <vatAmnt>0</vatAmnt>
              <vatAmntTp>D</vatAmntTp>
            </vat>
          </trLine>
        </transaction>
      </journal>
      <journal>
        <jrnID>MEMO</jrnID>
        <desc>Memoriaal</desc>
        <jrnTp>M</jrnTp>
        <transaction>
          <nr>233</nr>
          <desc>Prive voldaan</desc>
          <periodNumber>1</periodNumber>
          <trDt>2019-01-15</trDt>
          <sourceID></sourceID>
          <userID></userID>
          <trLine>
            <nr>233.1.357</nr>
            <accID>1700</accID>
            <docRef>NL1900641972</docRef>
            <effDate>2019-01-15</effDate>
            <desc>Prive voldaan</desc>
            <amnt>14.4</amnt>
            <amntTp>D</amntTp>
            <custSupID>TELE2 NE</custSupID>
            <costID></costID>
            <prodID></prodID>
            <projID></projID>
            <vat>
              <vatID></vatID>
              <vatPerc>0</vatPerc>
              <vatAmnt>0</vatAmnt>
              <vatAmntTp>D</vatAmntTp>
            </vat>
          </trLine>
          <trLine>
            <nr>233.3.358</nr>
            <accID>1410</accID>
            <docRef>NL1900641972</docRef>
            <effDate>2019-01-15</effDate>
            <desc>Prive voldaan</desc>
            <amnt>14.4</amnt>
            <amntTp>C</amntTp>
            <custSupID>TELE2 NE</custSupID>
            <costID></costID>
            <prodID></prodID>
            <projID></projID>
            <vat>
              <vatID></vatID>
              <vatPerc>0</vatPerc>
              <vatAmnt>0</vatAmnt>
              <vatAmntTp>C</vatAmntTp>
            </vat>
          </trLine>
        </transaction>
        <transaction>
          <nr>234</nr>
          <desc>Prive voldaan</desc>
          <periodNumber>2</periodNumber>
          <trDt>2019-02-14</trDt>
          <sourceID></sourceID>
          <userID></userID>
          <trLine>
            <nr>234.1.359</nr>
            <accID>1700</accID>
            <docRef>NL1902133422</docRef>
            <effDate>2019-02-14</effDate>
            <desc>Prive voldaan</desc>
            <amnt>17.82</amnt>
            <amntTp>D</amntTp>
            <custSupID>TELE2 NE</custSupID>
            <costID></costID>
            <prodID></prodID>
            <projID></projID>
            <vat>
              <vatID></vatID>
              <vatPerc>0</vatPerc>
              <vatAmnt>0</vatAmnt>
              <vatAmntTp>D</vatAmntTp>
            </vat>
          </trLine>
          <trLine>
            <nr>234.3.360</nr>
            <accID>1410</accID>
            <docRef>NL1902133422</docRef>
            <effDate>2019-02-14</effDate>
            <desc>Prive voldaan</desc>
            <amnt>17.82</amnt>
            <amntTp>C</amntTp>
            <custSupID>TELE2 NE</custSupID>
            <costID></costID>
            <prodID></prodID>
            <projID></projID>
            <vat>
              <vatID></vatID>
              <vatPerc>0</vatPerc>
              <vatAmnt>0</vatAmnt>
              <vatAmntTp>C</vatAmntTp>
            </vat>
          </trLine>
        </transaction>
        <transaction>
          <nr>235</nr>
          <desc>Prive voldaan</desc>
          <periodNumber>3</periodNumber>
          <trDt>2019-03-14</trDt>
          <sourceID></sourceID>
          <userID></userID>
          <trLine>
            <nr>235.1.361</nr>
            <accID>1700</accID>
            <docRef>NL1903629526</docRef>
            <effDate>2019-03-14</effDate>
            <desc>Prive voldaan</desc>
            <amnt>14.4</amnt>
            <amntTp>D</amntTp>
            <custSupID>TELE2 NE</custSupID>
            <costID></costID>
            <prodID></prodID>
            <projID></projID>
            <vat>
              <vatID></vatID>
              <vatPerc>0</vatPerc>
              <vatAmnt>0</vatAmnt>
              <vatAmntTp>D</vatAmntTp>
            </vat>
          </trLine>
          <trLine>
            <nr>235.3.362</nr>
            <accID>1410</accID>
            <docRef>NL1903629526</docRef>
            <effDate>2019-03-14</effDate>
            <desc>Prive voldaan</desc>
            <amnt>14.4</amnt>
            <amntTp>C</amntTp>
            <custSupID>TELE2 NE</custSupID>
            <costID></costID>
            <prodID></prodID>
            <projID></projID>
            <vat>
              <vatID></vatID>
              <vatPerc>0</vatPerc>
              <vatAmnt>0</vatAmnt>
              <vatAmntTp>C</vatAmntTp>
            </vat>
          </trLine>
        </transaction>
        <transaction>
          <nr>236</nr>
          <desc>Prive voldaan</desc>
          <periodNumber>4</periodNumber>
          <trDt>2019-04-17</trDt>
          <sourceID></sourceID>
          <userID></userID>
          <trLine>
            <nr>236.1.363</nr>
            <accID>1700</accID>
            <docRef>NL1906215403</docRef>
            <effDate>2019-04-17</effDate>
            <desc>Prive voldaan</desc>
            <amnt>15.2</amnt>
            <amntTp>D</amntTp>
            <custSupID>TELE2 NE</custSupID>
            <costID></costID>
            <prodID></prodID>
            <projID></projID>
            <vat>
              <vatID></vatID>
              <vatPerc>0</vatPerc>
              <vatAmnt>0</vatAmnt>
              <vatAmntTp>D</vatAmntTp>
            </vat>
          </trLine>
          <trLine>
            <nr>236.3.364</nr>
            <accID>1410</accID>
            <docRef>NL1906215403</docRef>
            <effDate>2019-04-17</effDate>
            <desc>Prive voldaan</desc>
            <amnt>15.2</amnt>
            <amntTp>C</amntTp>
            <custSupID>TELE2 NE</custSupID>
            <costID></costID>
            <prodID></prodID>
            <projID></projID>
            <vat>
              <vatID></vatID>
              <vatPerc>0</vatPerc>
              <vatAmnt>0</vatAmnt>
              <vatAmntTp>C</vatAmntTp>
            </vat>
          </trLine>
        </transaction>
        <transaction>
          <nr>237</nr>
          <desc>BTW-aangifte Eerste kwartaal 2019</desc>
          <periodNumber>3</periodNumber>
          <trDt>2019-03-31</trDt>
          <sourceID></sourceID>
          <userID></userID>
          <trLine>
            <nr>237.1.365</nr>
            <accID>1630</accID>
            <docRef></docRef>
            <effDate>2019-03-31</effDate>
            <desc>BTW-aangifte Eerste kwartaal 2019</desc>
            <amnt>6754</amnt>
            <amntTp>D</amntTp>
            <custSupID></custSupID>
            <costID></costID>
            <prodID></prodID>
            <projID></projID>
            <vat>
              <vatID></vatID>
              <vatPerc>0</vatPerc>
              <vatAmnt>0</vatAmnt>
              <vatAmntTp>D</vatAmntTp>
            </vat>
          </trLine>
          <trLine>
            <nr>237.3.366</nr>
            <accID>1650</accID>
            <docRef></docRef>
            <effDate>2019-03-31</effDate>
            <desc>BTW-aangifte Eerste kwartaal 2019</desc>
            <amnt>6754</amnt>
            <amntTp>C</amntTp>
            <custSupID></custSupID>
            <costID></costID>
            <prodID></prodID>
            <projID></projID>
            <vat>
              <vatID></vatID>
              <vatPerc>0</vatPerc>
              <vatAmnt>0</vatAmnt>
              <vatAmntTp>C</vatAmntTp>
            </vat>
          </trLine>
        </transaction>
        <transaction>
          <nr>238</nr>
          <desc>BTW-aangifte Eerste kwartaal 2019</desc>
          <periodNumber>3</periodNumber>
          <trDt>2019-03-31</trDt>
          <sourceID></sourceID>
          <userID></userID>
          <trLine>
            <nr>238.1.367</nr>
            <accID>1650</accID>
            <docRef></docRef>
            <effDate>2019-03-31</effDate>
            <desc>BTW-aangifte Eerste kwartaal 2019</desc>
            <amnt>56</amnt>
            <amntTp>D</amntTp>
            <custSupID></custSupID>
            <costID></costID>
            <prodID></prodID>
            <projID></projID>
            <vat>
              <vatID></vatID>
              <vatPerc>0</vatPerc>
              <vatAmnt>0</vatAmnt>
              <vatAmntTp>D</vatAmntTp>
            </vat>
          </trLine>
          <trLine>
            <nr>238.3.368</nr>
            <accID>1600</accID>
            <docRef></docRef>
            <effDate>2019-03-31</effDate>
            <desc>BTW-aangifte Eerste kwartaal 2019</desc>
            <amnt>56</amnt>
            <amntTp>C</amntTp>
            <custSupID></custSupID>
            <costID></costID>
            <prodID></prodID>
            <projID></projID>
            <vat>
              <vatID></vatID>
              <vatPerc>0</vatPerc>
              <vatAmnt>0</vatAmnt>
              <vatAmntTp>C</vatAmntTp>
            </vat>
          </trLine>
        </transaction>
        <transaction>
          <nr>241</nr>
          <desc>Prive voldaan</desc>
          <periodNumber>5</periodNumber>
          <trDt>2019-05-07</trDt>
          <sourceID></sourceID>
          <userID></userID>
          <trLine>
            <nr>241.1.369</nr>
            <accID>1700</accID>
            <docRef>DE-20190507-01</docRef>
            <effDate>2019-05-07</effDate>
            <desc>Prive voldaan</desc>
            <amnt>5</amnt>
            <amntTp>D</amntTp>
            <custSupID>DE CAFE</custSupID>
            <costID></costID>
            <prodID></prodID>
            <projID></projID>
            <vat>
              <vatID></vatID>
              <vatPerc>0</vatPerc>
              <vatAmnt>0</vatAmnt>
              <vatAmntTp>D</vatAmntTp>
            </vat>
          </trLine>
          <trLine>
            <nr>241.3.370</nr>
            <accID>1410</accID>
            <docRef>DE-20190507-01</docRef>
            <effDate>2019-05-07</effDate>
            <desc>Prive voldaan</desc>
            <amnt>5</amnt>
            <amntTp>C</amntTp>
            <custSupID>DE CAFE</custSupID>
            <costID></costID>
            <prodID></prodID>
            <projID></projID>
            <vat>
              <vatID></vatID>
              <vatPerc>0</vatPerc>
              <vatAmnt>0</vatAmnt>
              <vatAmntTp>C</vatAmntTp>
            </vat>
          </trLine>
        </transaction>
        <transaction>
          <nr>258</nr>
          <desc>Prive voldaan</desc>
          <periodNumber>5</periodNumber>
          <trDt>2019-05-15</trDt>
          <sourceID></sourceID>
          <userID></userID>
          <trLine>
            <nr>258.1.371</nr>
            <accID>1700</accID>
            <docRef>NL1907717861</docRef>
            <effDate>2019-05-15</effDate>
            <desc>Prive voldaan</desc>
            <amnt>14.49</amnt>
            <amntTp>D</amntTp>
            <custSupID>TELE2 NE</custSupID>
            <costID></costID>
            <prodID></prodID>
            <projID></projID>
            <vat>
              <vatID></vatID>
              <vatPerc>0</vatPerc>
              <vatAmnt>0</vatAmnt>
              <vatAmntTp>D</vatAmntTp>
            </vat>
          </trLine>
          <trLine>
            <nr>258.3.372</nr>
            <accID>1410</accID>
            <docRef>NL1907717861</docRef>
            <effDate>2019-05-15</effDate>
            <desc>Prive voldaan</desc>
            <amnt>14.49</amnt>
            <amntTp>C</amntTp>
            <custSupID>TELE2 NE</custSupID>
            <costID></costID>
            <prodID></prodID>
            <projID></projID>
            <vat>
              <vatID></vatID>
              <vatPerc>0</vatPerc>
              <vatAmnt>0</vatAmnt>
              <vatAmntTp>C</vatAmntTp>
            </vat>
          </trLine>
        </transaction>
        <transaction>
          <nr>259</nr>
          <desc>Prive voldaan</desc>
          <periodNumber>6</periodNumber>
          <trDt>2019-06-14</trDt>
          <sourceID></sourceID>
          <userID></userID>
          <trLine>
            <nr>259.1.373</nr>
            <accID>1700</accID>
            <docRef>NL1909224250</docRef>
            <effDate>2019-06-14</effDate>
            <desc>Prive voldaan</desc>
            <amnt>15.68</amnt>
            <amntTp>D</amntTp>
            <custSupID>TELE2 NE</custSupID>
            <costID></costID>
            <prodID></prodID>
            <projID></projID>
            <vat>
              <vatID></vatID>
              <vatPerc>0</vatPerc>
              <vatAmnt>0</vatAmnt>
              <vatAmntTp>D</vatAmntTp>
            </vat>
          </trLine>
          <trLine>
            <nr>259.3.374</nr>
            <accID>1410</accID>
            <docRef>NL1909224250</docRef>
            <effDate>2019-06-14</effDate>
            <desc>Prive voldaan</desc>
            <amnt>15.68</amnt>
            <amntTp>C</amntTp>
            <custSupID>TELE2 NE</custSupID>
            <costID></costID>
            <prodID></prodID>
            <projID></projID>
            <vat>
              <vatID></vatID>
              <vatPerc>0</vatPerc>
              <vatAmnt>0</vatAmnt>
              <vatAmntTp>C</vatAmntTp>
            </vat>
          </trLine>
        </transaction>
        <transaction>
          <nr>286</nr>
          <desc>Prive voldaan</desc>
          <periodNumber>6</periodNumber>
          <trDt>2019-06-30</trDt>
          <sourceID></sourceID>
          <userID></userID>
          <trLine>
            <nr>286.1.375</nr>
            <accID>1700</accID>
            <docRef>123</docRef>
            <effDate>2019-06-30</effDate>
            <desc>Prive voldaan</desc>
            <amnt>98.2</amnt>
            <amntTp>D</amntTp>
            <custSupID>NSREIZIG</custSupID>
            <costID></costID>
            <prodID></prodID>
            <projID></projID>
            <vat>
              <vatID></vatID>
              <vatPerc>0</vatPerc>
              <vatAmnt>0</vatAmnt>
              <vatAmntTp>D</vatAmntTp>
            </vat>
          </trLine>
          <trLine>
            <nr>286.3.376</nr>
            <accID>1410</accID>
            <docRef>123</docRef>
            <effDate>2019-06-30</effDate>
            <desc>Prive voldaan</desc>
            <amnt>98.2</amnt>
            <amntTp>C</amntTp>
            <custSupID>NSREIZIG</custSupID>
            <costID></costID>
            <prodID></prodID>
            <projID></projID>
            <vat>
              <vatID></vatID>
              <vatPerc>0</vatPerc>
              <vatAmnt>0</vatAmnt>
              <vatAmntTp>C</vatAmntTp>
            </vat>
          </trLine>
        </transaction>
        <transaction>
          <nr>288</nr>
          <desc>BTW-aangifte Tweede kwartaal 2019</desc>
          <periodNumber>6</periodNumber>
          <trDt>2019-06-30</trDt>
          <sourceID></sourceID>
          <userID></userID>
          <trLine>
            <nr>288.1.377</nr>
            <accID>1630</accID>
            <docRef></docRef>
            <effDate>2019-06-30</effDate>
            <desc>BTW-aangifte Tweede kwartaal 2019</desc>
            <amnt>5846</amnt>
            <amntTp>D</amntTp>
            <custSupID></custSupID>
            <costID></costID>
            <prodID></prodID>
            <projID></projID>
            <vat>
              <vatID></vatID>
              <vatPerc>0</vatPerc>
              <vatAmnt>0</vatAmnt>
              <vatAmntTp>D</vatAmntTp>
            </vat>
          </trLine>
          <trLine>
            <nr>288.3.378</nr>
            <accID>1650</accID>
            <docRef></docRef>
            <effDate>2019-06-30</effDate>
            <desc>BTW-aangifte Tweede kwartaal 2019</desc>
            <amnt>5846</amnt>
            <amntTp>C</amntTp>
            <custSupID></custSupID>
            <costID></costID>
            <prodID></prodID>
            <projID></projID>
            <vat>
              <vatID></vatID>
              <vatPerc>0</vatPerc>
              <vatAmnt>0</vatAmnt>
              <vatAmntTp>C</vatAmntTp>
            </vat>
          </trLine>
        </transaction>
        <transaction>
          <nr>289</nr>
          <desc>BTW-aangifte Tweede kwartaal 2019</desc>
          <periodNumber>6</periodNumber>
          <trDt>2019-06-30</trDt>
          <sourceID></sourceID>
          <userID></userID>
          <trLine>
            <nr>289.1.379</nr>
            <accID>1650</accID>
            <docRef></docRef>
            <effDate>2019-06-30</effDate>
            <desc>BTW-aangifte Tweede kwartaal 2019</desc>
            <amnt>493</amnt>
            <amntTp>D</amntTp>
            <custSupID></custSupID>
            <costID></costID>
            <prodID></prodID>
            <projID></projID>
            <vat>
              <vatID></vatID>
              <vatPerc>0</vatPerc>
              <vatAmnt>0</vatAmnt>
              <vatAmntTp>D</vatAmntTp>
            </vat>
          </trLine>
          <trLine>
            <nr>289.3.380</nr>
            <accID>1600</accID>
            <docRef></docRef>
            <effDate>2019-06-30</effDate>
            <desc>BTW-aangifte Tweede kwartaal 2019</desc>
            <amnt>493</amnt>
            <amntTp>C</amntTp>
            <custSupID></custSupID>
            <costID></costID>
            <prodID></prodID>
            <projID></projID>
            <vat>
              <vatID></vatID>
              <vatPerc>0</vatPerc>
              <vatAmnt>0</vatAmnt>
              <vatAmntTp>C</vatAmntTp>
            </vat>
          </trLine>
        </transaction>
        <transaction>
          <nr>300</nr>
          <desc>prive voldaan</desc>
          <periodNumber>7</periodNumber>
          <trDt>2019-07-16</trDt>
          <sourceID></sourceID>
          <userID></userID>
          <trLine>
            <nr>300.1.381</nr>
            <accID>1700</accID>
            <docRef>NL1910865366</docRef>
            <effDate>2019-07-16</effDate>
            <desc>prive voldaan</desc>
            <amnt>15.2</amnt>
            <amntTp>D</amntTp>
            <custSupID>TELE2 NE</custSupID>
            <costID></costID>
            <prodID></prodID>
            <projID></projID>
            <vat>
              <vatID></vatID>
              <vatPerc>0</vatPerc>
              <vatAmnt>0</vatAmnt>
              <vatAmntTp>D</vatAmntTp>
            </vat>
          </trLine>
          <trLine>
            <nr>300.3.382</nr>
            <accID>1410</accID>
            <docRef>NL1910865366</docRef>
            <effDate>2019-07-16</effDate>
            <desc>prive voldaan</desc>
            <amnt>15.2</amnt>
            <amntTp>C</amntTp>
            <custSupID>TELE2 NE</custSupID>
            <costID></costID>
            <prodID></prodID>
            <projID></projID>
            <vat>
              <vatID></vatID>
              <vatPerc>0</vatPerc>
              <vatAmnt>0</vatAmnt>
              <vatAmntTp>C</vatAmntTp>
            </vat>
          </trLine>
        </transaction>
        <transaction>
          <nr>301</nr>
          <desc>prive voldaan</desc>
          <periodNumber>8</periodNumber>
          <trDt>2019-08-15</trDt>
          <sourceID></sourceID>
          <userID></userID>
          <trLine>
            <nr>301.1.383</nr>
            <accID>1700</accID>
            <docRef>NL1912376638</docRef>
            <effDate>2019-08-15</effDate>
            <desc>prive voldaan</desc>
            <amnt>15.47</amnt>
            <amntTp>D</amntTp>
            <custSupID>TELE2 NE</custSupID>
            <costID></costID>
            <prodID></prodID>
            <projID></projID>
            <vat>
              <vatID></vatID>
              <vatPerc>0</vatPerc>
              <vatAmnt>0</vatAmnt>
              <vatAmntTp>D</vatAmntTp>
            </vat>
          </trLine>
          <trLine>
            <nr>301.3.384</nr>
            <accID>1410</accID>
            <docRef>NL1912376638</docRef>
            <effDate>2019-08-15</effDate>
            <desc>prive voldaan</desc>
            <amnt>15.47</amnt>
            <amntTp>C</amntTp>
            <custSupID>TELE2 NE</custSupID>
            <costID></costID>
            <prodID></prodID>
            <projID></projID>
            <vat>
              <vatID></vatID>
              <vatPerc>0</vatPerc>
              <vatAmnt>0</vatAmnt>
              <vatAmntTp>C</vatAmntTp>
            </vat>
          </trLine>
        </transaction>
        <transaction>
          <nr>302</nr>
          <desc>prive voldaan</desc>
          <periodNumber>9</periodNumber>
          <trDt>2019-09-17</trDt>
          <sourceID></sourceID>
          <userID></userID>
          <trLine>
            <nr>302.1.385</nr>
            <accID>1700</accID>
            <docRef>NL1913896482</docRef>
            <effDate>2019-09-17</effDate>
            <desc>prive voldaan</desc>
            <amnt>14.65</amnt>
            <amntTp>D</amntTp>
            <custSupID>TELE2 NE</custSupID>
            <costID></costID>
            <prodID></prodID>
            <projID></projID>
            <vat>
              <vatID></vatID>
              <vatPerc>0</vatPerc>
              <vatAmnt>0</vatAmnt>
              <vatAmntTp>D</vatAmntTp>
            </vat>
          </trLine>
          <trLine>
            <nr>302.3.386</nr>
            <accID>1410</accID>
            <docRef>NL1913896482</docRef>
            <effDate>2019-09-17</effDate>
            <desc>prive voldaan</desc>
            <amnt>14.65</amnt>
            <amntTp>C</amntTp>
            <custSupID>TELE2 NE</custSupID>
            <costID></costID>
            <prodID></prodID>
            <projID></projID>
            <vat>
              <vatID></vatID>
              <vatPerc>0</vatPerc>
              <vatAmnt>0</vatAmnt>
              <vatAmntTp>C</vatAmntTp>
            </vat>
          </trLine>
        </transaction>
        <transaction>
          <nr>303</nr>
          <desc>prive voldaan</desc>
          <periodNumber>10</periodNumber>
          <trDt>2019-10-16</trDt>
          <sourceID></sourceID>
          <userID></userID>
          <trLine>
            <nr>303.1.387</nr>
            <accID>1700</accID>
            <docRef>NL1915512496</docRef>
            <effDate>2019-10-16</effDate>
            <desc>prive voldaan</desc>
            <amnt>15.53</amnt>
            <amntTp>D</amntTp>
            <custSupID>TELE2 NE</custSupID>
            <costID></costID>
            <prodID></prodID>
            <projID></projID>
            <vat>
              <vatID></vatID>
              <vatPerc>0</vatPerc>
              <vatAmnt>0</vatAmnt>
              <vatAmntTp>D</vatAmntTp>
            </vat>
          </trLine>
          <trLine>
            <nr>303.3.388</nr>
            <accID>1410</accID>
            <docRef>NL1915512496</docRef>
            <effDate>2019-10-16</effDate>
            <desc>prive voldaan</desc>
            <amnt>15.53</amnt>
            <amntTp>C</amntTp>
            <custSupID>TELE2 NE</custSupID>
            <costID></costID>
            <prodID></prodID>
            <projID></projID>
            <vat>
              <vatID></vatID>
              <vatPerc>0</vatPerc>
              <vatAmnt>0</vatAmnt>
              <vatAmntTp>C</vatAmntTp>
            </vat>
          </trLine>
        </transaction>
        <transaction>
          <nr>333</nr>
          <desc>BTW-aangifte Derde kwartaal 2019</desc>
          <periodNumber>9</periodNumber>
          <trDt>2019-09-30</trDt>
          <sourceID></sourceID>
          <userID></userID>
          <trLine>
            <nr>333.1.389</nr>
            <accID>1630</accID>
            <docRef></docRef>
            <effDate>2019-09-30</effDate>
            <desc>BTW-aangifte Derde kwartaal 2019</desc>
            <amnt>6317</amnt>
            <amntTp>D</amntTp>
            <custSupID></custSupID>
            <costID></costID>
            <prodID></prodID>
            <projID></projID>
            <vat>
              <vatID></vatID>
              <vatPerc>0</vatPerc>
              <vatAmnt>0</vatAmnt>
              <vatAmntTp>D</vatAmntTp>
            </vat>
          </trLine>
          <trLine>
            <nr>333.3.390</nr>
            <accID>1650</accID>
            <docRef></docRef>
            <effDate>2019-09-30</effDate>
            <desc>BTW-aangifte Derde kwartaal 2019</desc>
            <amnt>6317</amnt>
            <amntTp>C</amntTp>
            <custSupID></custSupID>
            <costID></costID>
            <prodID></prodID>
            <projID></projID>
            <vat>
              <vatID></vatID>
              <vatPerc>0</vatPerc>
              <vatAmnt>0</vatAmnt>
              <vatAmntTp>C</vatAmntTp>
            </vat>
          </trLine>
        </transaction>
        <transaction>
          <nr>334</nr>
          <desc>BTW-aangifte Derde kwartaal 2019</desc>
          <periodNumber>9</periodNumber>
          <trDt>2019-09-30</trDt>
          <sourceID></sourceID>
          <userID></userID>
          <trLine>
            <nr>334.1.391</nr>
            <accID>1650</accID>
            <docRef></docRef>
            <effDate>2019-09-30</effDate>
            <desc>BTW-aangifte Derde kwartaal 2019</desc>
            <amnt>403</amnt>
            <amntTp>D</amntTp>
            <custSupID></custSupID>
            <costID></costID>
            <prodID></prodID>
            <projID></projID>
            <vat>
              <vatID></vatID>
              <vatPerc>0</vatPerc>
              <vatAmnt>0</vatAmnt>
              <vatAmntTp>D</vatAmntTp>
            </vat>
          </trLine>
          <trLine>
            <nr>334.3.392</nr>
            <accID>1600</accID>
            <docRef></docRef>
            <effDate>2019-09-30</effDate>
            <desc>BTW-aangifte Derde kwartaal 2019</desc>
            <amnt>403</amnt>
            <amntTp>C</amntTp>
            <custSupID></custSupID>
            <costID></costID>
            <prodID></prodID>
            <projID></projID>
            <vat>
              <vatID></vatID>
              <vatPerc>0</vatPerc>
              <vatAmnt>0</vatAmnt>
              <vatAmntTp>C</vatAmntTp>
            </vat>
          </trLine>
        </transaction>
        <transaction>
          <nr>343</nr>
          <desc>Afschrijving Hardware 2019</desc>
          <periodNumber>12</periodNumber>
          <trDt>2019-12-31</trDt>
          <sourceID></sourceID>
          <userID></userID>
          <trLine>
            <nr>343.1.393</nr>
            <accID>0140</accID>
            <docRef></docRef>
            <effDate>2019-12-31</effDate>
            <desc>Afschrijving Hardware 2019</desc>
            <amnt>-195.42</amnt>
            <amntTp>D</amntTp>
            <custSupID></custSupID>
            <costID></costID>
            <prodID></prodID>
            <projID></projID>
            <vat>
              <vatID></vatID>
              <vatPerc>0</vatPerc>
              <vatAmnt>0</vatAmnt>
              <vatAmntTp>D</vatAmntTp>
            </vat>
          </trLine>
          <trLine>
            <nr>343.3.394</nr>
            <accID>4340</accID>
            <docRef></docRef>
            <effDate>2019-12-31</effDate>
            <desc>Afschrijving Hardware 2019</desc>
            <amnt>-195.42</amnt>
            <amntTp>C</amntTp>
            <custSupID></custSupID>
            <costID></costID>
            <prodID></prodID>
            <projID></projID>
            <vat>
              <vatID></vatID>
              <vatPerc>0</vatPerc>
              <vatAmnt>0</vatAmnt>
              <vatAmntTp>C</vatAmntTp>
            </vat>
          </trLine>
        </transaction>
        <transaction>
          <nr>345</nr>
          <desc>Afschrijving Desktop PC 2019</desc>
          <periodNumber>12</periodNumber>
          <trDt>2019-12-31</trDt>
          <sourceID></sourceID>
          <userID></userID>
          <trLine>
            <nr>345.1.395</nr>
            <accID>0140</accID>
            <docRef></docRef>
            <effDate>2019-12-31</effDate>
            <desc>Afschrijving Desktop PC 2019</desc>
            <amnt>-427.16</amnt>
            <amntTp>D</amntTp>
            <custSupID></custSupID>
            <costID></costID>
            <prodID></prodID>
            <projID></projID>
            <vat>
              <vatID></vatID>
              <vatPerc>0</vatPerc>
              <vatAmnt>0</vatAmnt>
              <vatAmntTp>D</vatAmntTp>
            </vat>
          </trLine>
          <trLine>
            <nr>345.3.396</nr>
            <accID>4340</accID>
            <docRef></docRef>
            <effDate>2019-12-31</effDate>
            <desc>Afschrijving Desktop PC 2019</desc>
            <amnt>-427.16</amnt>
            <amntTp>C</amntTp>
            <custSupID></custSupID>
            <costID></costID>
            <prodID></prodID>
            <projID></projID>
            <vat>
              <vatID></vatID>
              <vatPerc>0</vatPerc>
              <vatAmnt>0</vatAmnt>
              <vatAmntTp>C</vatAmntTp>
            </vat>
          </trLine>
        </transaction>
        <transaction>
          <nr>351</nr>
          <desc>Prive voldaan</desc>
          <periodNumber>11</periodNumber>
          <trDt>2019-11-15</trDt>
          <sourceID></sourceID>
          <userID></userID>
          <trLine>
            <nr>351.1.397</nr>
            <accID>1700</accID>
            <docRef>NL1917044037</docRef>
            <effDate>2019-11-15</effDate>
            <desc>Prive voldaan</desc>
            <amnt>15.47</amnt>
            <amntTp>D</amntTp>
            <custSupID>TELE2 NE</custSupID>
            <costID></costID>
            <prodID></prodID>
            <projID></projID>
            <vat>
              <vatID></vatID>
              <vatPerc>0</vatPerc>
              <vatAmnt>0</vatAmnt>
              <vatAmntTp>D</vatAmntTp>
            </vat>
          </trLine>
          <trLine>
            <nr>351.3.398</nr>
            <accID>1410</accID>
            <docRef>NL1917044037</docRef>
            <effDate>2019-11-15</effDate>
            <desc>Prive voldaan</desc>
            <amnt>15.47</amnt>
            <amntTp>C</amntTp>
            <custSupID>TELE2 NE</custSupID>
            <costID></costID>
            <prodID></prodID>
            <projID></projID>
            <vat>
              <vatID></vatID>
              <vatPerc>0</vatPerc>
              <vatAmnt>0</vatAmnt>
              <vatAmntTp>C</vatAmntTp>
            </vat>
          </trLine>
        </transaction>
        <transaction>
          <nr>352</nr>
          <desc>Prive voldaan</desc>
          <periodNumber>12</periodNumber>
          <trDt>2019-12-16</trDt>
          <sourceID></sourceID>
          <userID></userID>
          <trLine>
            <nr>352.1.399</nr>
            <accID>1700</accID>
            <docRef>NL1919175891</docRef>
            <effDate>2019-12-16</effDate>
            <desc>Prive voldaan</desc>
            <amnt>13.84</amnt>
            <amntTp>D</amntTp>
            <custSupID>TELE2 NE</custSupID>
            <costID></costID>
            <prodID></prodID>
            <projID></projID>
            <vat>
              <vatID></vatID>
              <vatPerc>0</vatPerc>
              <vatAmnt>0</vatAmnt>
              <vatAmntTp>D</vatAmntTp>
            </vat>
          </trLine>
          <trLine>
            <nr>352.3.400</nr>
            <accID>1410</accID>
            <docRef>NL1919175891</docRef>
            <effDate>2019-12-16</effDate>
            <desc>Prive voldaan</desc>
            <amnt>13.84</amnt>
            <amntTp>C</amntTp>
            <custSupID>TELE2 NE</custSupID>
            <costID></costID>
            <prodID></prodID>
            <projID></projID>
            <vat>
              <vatID></vatID>
              <vatPerc>0</vatPerc>
              <vatAmnt>0</vatAmnt>
              <vatAmntTp>C</vatAmntTp>
            </vat>
          </trLine>
        </transaction>
        <transaction>
          <nr>356</nr>
          <desc>kilometervergoeding 2019. 13.144 km a 19 eurocent per km = 2497,36 euro</desc>
          <periodNumber>12</periodNumber>
          <trDt>2019-12-31</trDt>
          <sourceID></sourceID>
          <userID></userID>
          <trLine>
            <nr>356.1.401</nr>
            <accID>1410</accID>
            <docRef></docRef>
            <effDate>2019-12-31</effDate>
            <desc>kilometervergoeding 2019. 13.144 km a 19 eurocent per km = 2497,36 euro</desc>
            <amnt>-2497.36</amnt>
            <amntTp>D</amntTp>
            <custSupID></custSupID>
            <costID></costID>
            <prodID></prodID>
            <projID></projID>
            <vat>
              <vatID></vatID>
              <vatPerc>0</vatPerc>
              <vatAmnt>0</vatAmnt>
              <vatAmntTp>D</vatAmntTp>
            </vat>
          </trLine>
          <trLine>
            <nr>356.3.402</nr>
            <accID>4600</accID>
            <docRef></docRef>
            <effDate>2019-12-31</effDate>
            <desc>kilometervergoeding 2019. 13.144 km a 19 eurocent per km = 2497,36 euro</desc>
            <amnt>-2497.36</amnt>
            <amntTp>C</amntTp>
            <custSupID></custSupID>
            <costID></costID>
            <prodID></prodID>
            <projID></projID>
            <vat>
              <vatID></vatID>
              <vatPerc>0</vatPerc>
              <vatAmnt>0</vatAmnt>
              <vatAmntTp>C</vatAmntTp>
            </vat>
          </trLine>
        </transaction>
        <transaction>
          <nr>388</nr>
          <desc>BTW-aangifte Vierde kwartaal 2019</desc>
          <periodNumber>12</periodNumber>
          <trDt>2019-12-31</trDt>
          <sourceID></sourceID>
          <userID></userID>
          <trLine>
            <nr>388.1.403</nr>
            <accID>1630</accID>
            <docRef></docRef>
            <effDate>2019-12-31</effDate>
            <desc>BTW-aangifte Vierde kwartaal 2019</desc>
            <amnt>11215</amnt>
            <amntTp>D</amntTp>
            <custSupID></custSupID>
            <costID></costID>
            <prodID></prodID>
            <projID></projID>
            <vat>
              <vatID></vatID>
              <vatPerc>0</vatPerc>
              <vatAmnt>0</vatAmnt>
              <vatAmntTp>D</vatAmntTp>
            </vat>
          </trLine>
          <trLine>
            <nr>388.3.404</nr>
            <accID>1650</accID>
            <docRef></docRef>
            <effDate>2019-12-31</effDate>
            <desc>BTW-aangifte Vierde kwartaal 2019</desc>
            <amnt>11215</amnt>
            <amntTp>C</amntTp>
            <custSupID></custSupID>
            <costID></costID>
            <prodID></prodID>
            <projID></projID>
            <vat>
              <vatID></vatID>
              <vatPerc>0</vatPerc>
              <vatAmnt>0</vatAmnt>
              <vatAmntTp>C</vatAmntTp>
            </vat>
          </trLine>
        </transaction>
        <transaction>
          <nr>389</nr>
          <desc>BTW-aangifte Vierde kwartaal 2019</desc>
          <periodNumber>12</periodNumber>
          <trDt>2019-12-31</trDt>
          <sourceID></sourceID>
          <userID></userID>
          <trLine>
            <nr>389.1.405</nr>
            <accID>1650</accID>
            <docRef></docRef>
            <effDate>2019-12-31</effDate>
            <desc>BTW-aangifte Vierde kwartaal 2019</desc>
            <amnt>82</amnt>
            <amntTp>D</amntTp>
            <custSupID></custSupID>
            <costID></costID>
            <prodID></prodID>
            <projID></projID>
            <vat>
              <vatID></vatID>
              <vatPerc>0</vatPerc>
              <vatAmnt>0</vatAmnt>
              <vatAmntTp>D</vatAmntTp>
            </vat>
          </trLine>
          <trLine>
            <nr>389.3.406</nr>
            <accID>1600</accID>
            <docRef></docRef>
            <effDate>2019-12-31</effDate>
            <desc>BTW-aangifte Vierde kwartaal 2019</desc>
            <amnt>82</amnt>
            <amntTp>C</amntTp>
            <custSupID></custSupID>
            <costID></costID>
            <prodID></prodID>
            <projID></projID>
            <vat>
              <vatID></vatID>
              <vatPerc>0</vatPerc>
              <vatAmnt>0</vatAmnt>
              <vatAmntTp>C</vatAmntTp>
            </vat>
          </trLine>
        </transaction>
        <transaction>
          <nr>600</nr>
          <desc>nutsbedrijven, zakelijk deel. Thuiswerken</desc>
          <periodNumber>12</periodNumber>
          <trDt>2019-12-27</trDt>
          <sourceID></sourceID>
          <userID></userID>
          <trLine>
            <nr>600.1.407</nr>
            <accID>1410</accID>
            <docRef></docRef>
            <effDate>2019-12-27</effDate>
            <desc>nutsbedrijven, zakelijk deel. Thuiswerken</desc>
            <amnt>-350</amnt>
            <amntTp>D</amntTp>
            <custSupID></custSupID>
            <costID></costID>
            <prodID></prodID>
            <projID></projID>
            <vat>
              <vatID></vatID>
              <vatPerc>0</vatPerc>
              <vatAmnt>0</vatAmnt>
              <vatAmntTp>D</vatAmntTp>
            </vat>
          </trLine>
          <trLine>
            <nr>600.3.408</nr>
            <accID>4790</accID>
            <docRef></docRef>
            <effDate>2019-12-27</effDate>
            <desc>nutsbedrijven, zakelijk deel. Thuiswerken</desc>
            <amnt>-350</amnt>
            <amntTp>C</amntTp>
            <custSupID></custSupID>
            <costID></costID>
            <prodID></prodID>
            <projID></projID>
            <vat>
              <vatID></vatID>
              <vatPerc>0</vatPerc>
              <vatAmnt>0</vatAmnt>
              <vatAmntTp>C</vatAmntTp>
            </vat>
          </trLine>
        </transaction>
        <transaction>
          <nr>601</nr>
          <desc>Digital ocean. 60 dollar ex vat</desc>
          <periodNumber>12</periodNumber>
          <trDt>2019-12-27</trDt>
          <sourceID></sourceID>
          <userID></userID>
          <trLine>
            <nr>601.1.409</nr>
            <accID>1410</accID>
            <docRef></docRef>
            <effDate>2019-12-27</effDate>
            <desc>Digital ocean. 60 dollar ex vat</desc>
            <amnt>-54</amnt>
            <amntTp>D</amntTp>
            <custSupID></custSupID>
            <costID></costID>
            <prodID></prodID>
            <projID></projID>
            <vat>
              <vatID></vatID>
              <vatPerc>0</vatPerc>
              <vatAmnt>0</vatAmnt>
              <vatAmntTp>D</vatAmntTp>
            </vat>
          </trLine>
          <trLine>
            <nr>601.3.410</nr>
            <accID>4560</accID>
            <docRef></docRef>
            <effDate>2019-12-27</effDate>
            <desc>Digital ocean. 60 dollar ex vat</desc>
            <amnt>-54</amnt>
            <amntTp>C</amntTp>
            <custSupID></custSupID>
            <costID></costID>
            <prodID></prodID>
            <projID></projID>
            <vat>
              <vatID></vatID>
              <vatPerc>0</vatPerc>
              <vatAmnt>0</vatAmnt>
              <vatAmntTp>C</vatAmntTp>
            </vat>
          </trLine>
        </transaction>
        <transaction>
          <nr>604</nr>
          <desc>Afschrijving bedrijfsscooter 2019</desc>
          <periodNumber>12</periodNumber>
          <trDt>2019-12-31</trDt>
          <sourceID></sourceID>
          <userID></userID>
          <trLine>
            <nr>604.1.411</nr>
            <accID>0130</accID>
            <docRef></docRef>
            <effDate>2019-12-31</effDate>
            <desc>Afschrijving bedrijfsscooter 2019</desc>
            <amnt>-583.33</amnt>
            <amntTp>D</amntTp>
            <custSupID></custSupID>
            <costID></costID>
            <prodID></prodID>
            <projID></projID>
            <vat>
              <vatID></vatID>
              <vatPerc>0</vatPerc>
              <vatAmnt>0</vatAmnt>
              <vatAmntTp>D</vatAmntTp>
            </vat>
          </trLine>
          <trLine>
            <nr>604.3.412</nr>
            <accID>4335</accID>
            <docRef></docRef>
            <effDate>2019-12-31</effDate>
            <desc>Afschrijving bedrijfsscooter 2019</desc>
            <amnt>-583.33</amnt>
            <amntTp>C</amntTp>
            <custSupID></custSupID>
            <costID></costID>
            <prodID></prodID>
            <projID></projID>
            <vat>
              <vatID></vatID>
              <vatPerc>0</vatPerc>
              <vatAmnt>0</vatAmnt>
              <vatAmntTp>C</vatAmntTp>
            </vat>
          </trLine>
        </transaction>
        <transaction>
          <nr>743</nr>
          <desc>2 cent verschil eindbalans knab rekening</desc>
          <periodNumber>12</periodNumber>
          <trDt>2019-12-31</trDt>
          <sourceID></sourceID>
          <userID></userID>
          <trLine>
            <nr>743.1.413</nr>
            <accID>1010</accID>
            <docRef></docRef>
            <effDate>2019-12-31</effDate>
            <desc>2 cent verschil eindbalans knab rekening</desc>
            <amnt>0.02</amnt>
            <amntTp>D</amntTp>
            <custSupID></custSupID>
            <costID></costID>
            <prodID></prodID>
            <projID></projID>
            <vat>
              <vatID></vatID>
              <vatPerc>0</vatPerc>
              <vatAmnt>0</vatAmnt>
              <vatAmntTp>D</vatAmntTp>
            </vat>
          </trLine>
          <trLine>
            <nr>743.3.414</nr>
            <accID>4900</accID>
            <docRef></docRef>
            <effDate>2019-12-31</effDate>
            <desc>2 cent verschil eindbalans knab rekening</desc>
            <amnt>0.02</amnt>
            <amntTp>C</amntTp>
            <custSupID></custSupID>
            <costID></costID>
            <prodID></prodID>
            <projID></projID>
            <vat>
              <vatID></vatID>
              <vatPerc>0</vatPerc>
              <vatAmnt>0</vatAmnt>
              <vatAmntTp>C</vatAmntTp>
            </vat>
          </trLine>
        </transaction>
      </journal>
    </transactions>
  </company>
</auditfile>